3120 4888
633 439 848 508 ..23-

222 612 355 678 rodotus
374 612 401 690 1,
423 610 466 678 85
496 611 659 679 oraculum
689 612 808 693 tradit,
838 613 923 695 quod
944 611 1062 698 Pythia
1092 615 1134 680 de
1155 612 1262 682 Croesi

222 713 288 780 filio
322 721 411 780 muto
439 715 569 792 ederat,
598 712 710 780 finiens
743 715 794 782 his
825 715 945 782 vorbis:
976 709 1107 802 αὐδήσει
1135 712 1196 803 γὰρ
1228 713 1263 780 ἐν

223 808 325 903 ἠ’ματι
356 817 488 900 πρῶτον
515 808 661 901 ἀνόλβῳ,
691 815 842 884 Nicolaus
871 816 971 883 filium
1000 819 1135 884 eundem
1169 818 1261 884 iudu-

224 919 268 986 eit
291 919 499 986 clamantem:
529 911 621 1003 οἴμοι
644 911 750 1004 πάτερ
780 914 864 1007 ἡσὴ
885 911 1053 1003 εὐσέβεια·
1079 913 1163 986 πόσα
1184 913 1263 1008 ἡμῖν

225 1016 257 1086 οἱ
289 1018 366 1087 θοοὶ
400 1015 622 1108 βοηθήσουσις
755 1017 830 1086 ἐπεὶ
862 1013 1069 1110 δ’ἠξρυὲμεθα
1096 1021 1263 1102 δυστυχεῖν

225 1117 301 1190 τότε
323 1122 455 1208 πρῶτον
470 1121 579 1211 φωνὴν
599 1114 709 1208 ἀφῆκα
724 1141 732 1156 ·
745 1120 803 1188 καὶ
824 1116 907 1208 μὀἶς
920 1121 1019 1190 τοῦτο
1032 1118 1133 1207 μόνον
1147 1115 1261 1211 ἥθροι-

225 1247 287 1292 σαν
310 1221 342 1292 oi
364 1223 457 1305 θεοὶ,
489 1219 583 1302 ὅπως
613 1217 654 1290 ἂν
677 1216 848 1310 ὀδύρωμαι
877 1221 938 1302 τὰς
969 1219 1126 1313 ἡμετέρας
1156 1220 1262 1306 τύχας.

222 1329 433 1411 Perspicuum
456 1328 519 1396 iam
542 1332 601 1410 est,
625 1327 746 1411 opinor,
768 1347 851 1410 quac
872 1329 957 1395 ratio
978 1329 1157 1396 intercedat
1179 1329 1263 1395 inter

223 1432 391 1512 utriusque
421 1431 635 1511 narrationem
668 1430 725 1496 sed
758 1431 904 1512 nequid
941 1430 1084 1513 scrupuli
1113 1431 1264 1512 resideat,

223 1533 274 1600 his
294 1550 413 1614 quaeso
434 1532 512 1600 locis
532 1531 673 1600 animum
696 1532 867 1600 advortas:

245 1702 397 1784 Legimus
419 1705 507 1786 apud
532 1702 699 1769 Nicolaum
860 1704 945 1785 apud
968 1703 1178 1771 Herodotum.

268 1826 385 1900 σιωπῆς
413 1819 446 1883 δὲ
473 1821 633 1903 γενομένης
660 1841 721 1884 ura·
766 1819 1003 1898 ἀναστενάξαντα
1029 1819 1094 1903 (τᾶν
1118 1827 1262 1907 Κροῖσον)

224 1904 317 1982 νάξας
340 1907 414 1990 μέγα
430 1907 471 1980 εἰς
486 1907 549 1988 τοὶς
569 1905 721 1970 ἀνακαλεῖ·
767 1908 799 1970 ἐκ
831 1913 943 1989 πολλῆς
971 1903 1095 1988 ἡσυχίης
1133 1909 1164 1982 ἐς
1200 1909 1263 1991 τρὶς

589 1987 598 2010 P

222 1991 389 2161 ror)rroll.rv
412 1991 537 2056 Σόλωνα
567 1995 596 2075 (o
629 1997 720 2078 Κροῖ-
767 1990 914 2072 ὀνομάσαι
937 1989 1052 2058 Σόλων.

223 2098 298 2152 σος.

267 2277 296 2360 (o‘
308 2281 341 2345 dl
354 2287 457 2360 Κῦρος
469 2288 574 2366 ταῦτα)
587 2279 723 2358 ἀκούσας
807 2281 861 2347 τόν
884 2287 989 2365 Κῦρον
1011 2279 1182 2348 ἀκούσαντα
1193 2332 1202 2350 .
1214 2333 1239 2349 ..
1255 2333 1262 2348 .

225 2367 371 2450 ἐδάκρυσε
394 2367 550 2449 ἐννοηθεὶς
580 2365 627 2431 ὅτι
764 2369 813 2432 aul
831 2369 1013 2450 ἐννοηθέντα
1028 2367 1076 2433 ὅτι
1097 2370 1148 2432 καὶ
1169 2367 1263 2446 αὐτός

224 2452 345 2534 βασιλέα
374 2452 463 2517 οὐδὲν
494 2451 640 2516 ἐλάττονα
668 2451 719 2517 αὖ·
766 2449 932 2536 ἅνθρωπος
954 2452 1012 2518 dclv
1034 2452 1122 2518 ἄλλον
1141 2449 1262 2537 ἅνθρω-

225 2545 279 2603 τοῦ
301 2535 355 2620 τὴν
385 2540 478 2622 τύχην
499 2535 719 2621 ἐμπιπράς...
765 2564 825 2604 τιον
846 2539 1008 2624 γενόμενον
1040 2540 1154 2604 ἑαυτοῦ
1176 2536 1261 2604 aridos

765 2628 854 2714 μονίῃ
879 2624 937 2690 οὐκ
960 2621 1129 2691 ἐλάττονα..
1146 2675 1175 2690 ..

509 2815 644 2882 Croesus
668 2815 785 2900 Cyrum
808 2815 982 2898 alloquitur

270 2934 332 2998 ἐπεί
353 2933 390 3014 μέ
412 2953 459 2996 σοι
481 2933 550 2996 θεοὶ
574 2933 690 2998 ἔδοσαν.
765 2933 874 3081 λ’ἐπεί
903 2957 938 3014 με
961 2933 1029 2996 θεοὶ
1052 2935 1169 2998 ἔδωκαν
1191 2936 1262 3000 δοῦ-

783 3043 819 3082 ον
844 3039 901 3084 σοι.

269 3213 373 3293 Κῦρος
386 3206 418 3271 δὲ
430 3205 555 3292 γελάσας
570 3208 622 3270 καὶ
636 3206 718 3287 τάδε,
809 3213 913 3293 Κῦρος
945 3207 978 3271 δὲ
1006 3205 1132 3291 γελάσας
1162 3202 1260 3273 εἶπεν·

224 3295 301 3375 ἔφη,
330 3292 437 3358 δαίσειν
466 3295 517 3358 καὶ
547 3291 641 3359 ἄλλων
663 3294 720 3359 οὐκ
764 3295 815 3358 καὶ
837 3291 945 3357 τούτου
968 3291 1080 3368 τεύξεαι
1101 3291 1167 3375 παρ’
1186 3295 1264 3374 ἐμοῦ

225 3377 382 3461 α’τυχήσιιν
405 3376 497 3443 αὐτόν
518 3376 666 3460 μειζόνων.
767 3385 879 3464 Κροῖσε
901 3379 953 3442 καὶ
968 3375 1060 3441 ἄλλον
1079 3376 1194 3453 παντός
1208 3384 1263 3444 τοῦ

765 3461 803 3528 ἂν
826 3460 965 3528 ἑκάστοτε
987 3463 1052 3551 δὲῃ.

311 3673 412 3740 Nemo
434 3674 534 3756 igitur
555 3675 692 3742 alterum
714 3673 847 3742 alterius
878 3691 974 3756 opere
1005 3691 1098 3739 usum
1119 3688 1189 3736 esse
1210 3690 1265 3738 nc-

226 3774 317 3860 gabit
330 3775 369 3858 ¹).
412 3775 523 3859 Neque
551 3776 685 3844 dubium
716 3795 788 3844 esse
818 3781 927 3859 potest
957 3775 1032 3857 quin
1054 3772 1178 3841 Nicolai
1200 3772 1264 3840 Da-

226 3933 431 3944 -—.-—--

316 4017 464 4097 1)Quam
486 4019 522 4078 ad
544 4038 607 4079 rem
630 4018 861 4080 confirmandam
883 4018 968 4078 iuvat
989 4018 1055 4078 Nic.
1077 4016 1162 4079 llam.
1185 4017 1264 4093 frag·

227 4108 359 4168 mentum
385 4110 422 4166 51
447 4106 581 4166 conferre
605 4125 671 4166 oum
693 4106 794 4167 verbis
815 4104 962 4168 Herodoti
984 4104 1029 4164 IV
1050 4122 1097 4180 cp.
1124 4106 1191 4164 160.
