<?xml version="1.0" encoding="UTF-8"?>
<!DOCTYPE html PUBLIC "-//W3C//DTD XHTML 1.0 Transitional//EN"
    "http://www.w3.org/TR/xhtml1/DTD/xhtml1-transitional.dtd">
<html xmlns="http://www.w3.org/1999/xhtml" xml:lang="en" lang="en">
 <head>
  <title>
</title>
<meta http-equiv="Content-Type" content="text/html;charset=utf-8" />
  <meta name='ocr-system' content='tesseract 3.04.00' />
  <meta name='ocr-capabilities' content='ocr_page ocr_carea ocr_par ocr_line ocrx_word'/>
</head>
<body>
  <div class='ocr_page' id='page_1' title='image "./dexanthoetherod00pomtgoog_0056.png"; bbox 0 0 3120 4888; ppageno 0'>
   <div class='ocr_carea' id='block_1_1' title="bbox 634 473 847 543">
    <p class='ocr_par' dir='ltr' id='par_1_1' title="bbox 634 473 847 543">
     <span class='ocr_line' id='line_1_1' title="bbox 634 473 847 543; baseline -0.019 -15"><span class='ocrx_word' id='word_1_1' title='bbox 634 473 847 543; x_wconf 77' lang='grc'>..49-</span> 
     </span>
    </p>
   </div>
   <div class='ocr_carea' id='block_1_2' title="bbox 214 646 1280 1860">
    <p class='ocr_par' dir='ltr' id='par_1_2' title="bbox 214 646 1280 1860">
     <span class='ocr_line' id='line_1_2' title="bbox 301 646 1257 730; baseline 0.002 -16"><span class='ocrx_word' id='word_1_2' title='bbox 301 647 410 714; x_wconf 86' lang='lat' dir='ltr'><strong>Croesi</strong></span> <span class='ocrx_word' id='word_1_3' title='bbox 434 652 467 713; x_wconf 91' lang='lat' dir='ltr'><strong>et</strong></span> <span class='ocrx_word' id='word_1_4' title='bbox 481 646 608 713; x_wconf 88' lang='lat' dir='ltr'><strong>Solonis</strong></span> <span class='ocrx_word' id='word_1_5' title='bbox 632 665 808 729; x_wconf 89' lang='lat' dir='ltr'><strong>sermones,</strong></span> <span class='ocrx_word' id='word_1_6' title='bbox 830 647 884 729; x_wconf 90' lang='lat' dir='ltr'><strong>qui</strong></span> <span class='ocrx_word' id='word_1_7' title='bbox 905 647 938 713; x_wconf 94' lang='lat' dir='ltr'><strong>in</strong></span> <span class='ocrx_word' id='word_1_8' title='bbox 955 649 1114 730; x_wconf 75' lang='lat' dir='ltr'><strong>capitibus</strong></span> <span class='ocrx_word' id='word_1_9' title='bbox 1130 650 1257 716; x_wconf 82' lang='lat'><strong>29—33</strong></span> 
     </span>
     <span class='ocr_line' id='line_1_3' title="bbox 216 749 1257 832; baseline 0.001 -16"><span class='ocrx_word' id='word_1_10' title='bbox 216 750 407 832; x_wconf 84' lang='lat' dir='ltr'><strong>referuntur,</strong></span> <span class='ocrx_word' id='word_1_11' title='bbox 430 768 501 816; x_wconf 93' lang='lat' dir='ltr'><strong>cum</strong></span> <span class='ocrx_word' id='word_1_12' title='bbox 518 750 641 816; x_wconf 86' lang='lat' dir='ltr'><strong>Steinio</strong></span> <span class='ocrx_word' id='word_1_13' title='bbox 665 771 704 816; x_wconf 86' lang='lat' dir='ltr'><strong>ex</strong></span> <span class='ocrx_word' id='word_1_14' title='bbox 726 749 919 816; x_wconf 85' lang='lat' dir='ltr'><strong>carminibus</strong></span> <span class='ocrx_word' id='word_1_15' title='bbox 934 751 1172 818; x_wconf 74' lang='lat' dir='ltr'><strong>vicissitudines</strong></span> <span class='ocrx_word' id='word_1_16' title='bbox 1194 752 1257 819; x_wconf 90' lang='lat' dir='ltr'><strong>for-</strong></span> 
     </span>
     <span class='ocr_line' id='line_1_4' title="bbox 215 853 1280 935; baseline 0.003 -17"><span class='ocrx_word' id='word_1_17' title='bbox 215 859 313 919; x_wconf 87' lang='lat' dir='ltr'><strong>tunae</strong></span> <span class='ocrx_word' id='word_1_18' title='bbox 328 853 498 935; x_wconf 84' lang='lat' dir='ltr'><strong>uariosque</strong></span> <span class='ocrx_word' id='word_1_19' title='bbox 521 853 684 918; x_wconf 94' lang='lat' dir='ltr'><strong>hominum</strong></span> <span class='ocrx_word' id='word_1_20' title='bbox 707 871 802 919; x_wconf 86' lang='lat' dir='ltr'><strong>casus</strong></span> <span class='ocrx_word' id='word_1_21' title='bbox 825 873 912 920; x_wconf 90' lang='lat' dir='ltr'><strong>more</strong></span> <span class='ocrx_word' id='word_1_22' title='bbox 927 854 1051 920; x_wconf 87' lang='lat' dir='ltr'><strong>Graeco</strong></span> <span class='ocrx_word' id='word_1_23' title='bbox 1068 856 1256 921; x_wconf 79' lang='lat' dir='ltr'><strong>canentibus</strong></span> <span class='ocrx_word' id='word_1_24' title='bbox 1279 877 1280 882; x_wconf 46' lang='lat'>¹</span> 
     </span>
     <span class='ocr_line' id='line_1_5' title="bbox 215 956 1256 1039; baseline -0.001 -16"><span class='ocrx_word' id='word_1_25' title='bbox 215 956 377 1023; x_wconf 85' lang='lat' dir='ltr'><strong>effluxisse</strong></span> <span class='ocrx_word' id='word_1_26' title='bbox 399 961 524 1038; x_wconf 88' lang='lat' dir='ltr'><strong>putem;</strong></span> <span class='ocrx_word' id='word_1_27' title='bbox 554 975 658 1038; x_wconf 88' lang='lat' dir='ltr'><strong>neque</strong></span> <span class='ocrx_word' id='word_1_28' title='bbox 681 957 763 1022; x_wconf 89' lang='lat' dir='ltr'><strong>enim</strong></span> <span class='ocrx_word' id='word_1_29' title='bbox 787 956 918 1022; x_wconf 92' lang='lat' dir='ltr'><strong>dubium</strong></span> <span class='ocrx_word' id='word_1_30' title='bbox 942 962 993 1023; x_wconf 87' lang='lat' dir='ltr'><strong>est</strong></span> <span class='ocrx_word' id='word_1_31' title='bbox 1014 957 1090 1039; x_wconf 88' lang='lat' dir='ltr'><strong>quin</strong></span> <span class='ocrx_word' id='word_1_32' title='bbox 1112 958 1167 1023; x_wconf 91' lang='lat' dir='ltr'><strong>isti</strong></span> <span class='ocrx_word' id='word_1_33' title='bbox 1190 977 1256 1024; x_wconf 90' lang='lat' dir='ltr'><strong>ser-</strong></span> 
     </span>
     <span class='ocr_line' id='line_1_6' title="bbox 216 1058 1257 1144; baseline 0.001 -20"><span class='ocrx_word' id='word_1_34' title='bbox 216 1078 327 1125; x_wconf 86' lang='lat' dir='ltr'><strong>mones</strong></span> <span class='ocrx_word' id='word_1_35' title='bbox 349 1058 451 1141; x_wconf 87' lang='lat' dir='ltr'><strong>magis</strong></span> <span class='ocrx_word' id='word_1_36' title='bbox 474 1059 506 1123; x_wconf 93' lang='lat' dir='ltr'><strong>in</strong></span> <span class='ocrx_word' id='word_1_37' title='bbox 522 1059 679 1125; x_wconf 88' lang='lat' dir='ltr'><strong>Herodoti</strong></span> <span class='ocrx_word' id='word_1_38' title='bbox 701 1059 803 1141; x_wconf 92' lang='lat' dir='ltr'><strong>ipsius</strong></span> <span class='ocrx_word' id='word_1_39' title='bbox 826 1065 979 1141; x_wconf 89' lang='lat' dir='ltr'><strong>tempora,</strong></span> <span class='ocrx_word' id='word_1_40' title='bbox 1002 1060 1117 1144; x_wconf 89' lang='lat' dir='ltr'><strong>quibus</strong></span> <span class='ocrx_word' id='word_1_41' title='bbox 1140 1059 1172 1125; x_wconf 93' lang='lat' dir='ltr'><strong>in</strong></span> <span class='ocrx_word' id='word_1_42' title='bbox 1187 1061 1257 1144; x_wconf 93' lang='lat' dir='ltr'><strong>phi-</strong></span> 
     </span>
     <span class='ocr_line' id='line_1_7' title="bbox 215 1161 1256 1246; baseline 0.002 -19"><span class='ocrx_word' id='word_1_43' title='bbox 215 1163 420 1245; x_wconf 88' lang='lat' dir='ltr'><strong>losophorum</strong></span> <span class='ocrx_word' id='word_1_44' title='bbox 437 1161 554 1227; x_wconf 87' lang='lat' dir='ltr'><strong>scholis</strong></span> <span class='ocrx_word' id='word_1_45' title='bbox 571 1161 653 1226; x_wconf 90' lang='lat' dir='ltr'><strong>tales</strong></span> <span class='ocrx_word' id='word_1_46' title='bbox 668 1181 722 1227; x_wconf 91' lang='lat' dir='ltr'><strong>res</strong></span> <span class='ocrx_word' id='word_1_47' title='bbox 738 1162 894 1228; x_wconf 87' lang='lat' dir='ltr'><strong>eiusmodi</strong></span> <span class='ocrx_word' id='word_1_48' title='bbox 909 1163 1138 1244; x_wconf 88' lang='lat' dir='ltr'><strong>tractabantur,</strong></span> <span class='ocrx_word' id='word_1_49' title='bbox 1161 1182 1256 1246; x_wconf 90' lang='lat' dir='ltr'><strong>quam</strong></span> 
     </span>
     <span class='ocr_line' id='line_1_8' title="bbox 216 1265 1257 1348; baseline 0.004 -20"><span class='ocrx_word' id='word_1_50' title='bbox 216 1265 247 1329; x_wconf 93' lang='lat' dir='ltr'><strong>in</strong></span> <span class='ocrx_word' id='word_1_51' title='bbox 264 1265 390 1330; x_wconf 83' lang='lat' dir='ltr'><strong>Solonis</strong></span> <span class='ocrx_word' id='word_1_52' title='bbox 407 1269 546 1330; x_wconf 86' lang='lat' dir='ltr'><strong>aetatem</strong></span> <span class='ocrx_word' id='word_1_53' title='bbox 563 1265 690 1347; x_wconf 86' lang='lat' dir='ltr'><strong>cadant,</strong></span> <span class='ocrx_word' id='word_1_54' title='bbox 714 1265 768 1346; x_wconf 87' lang='lat' dir='ltr'><strong>qui</strong></span> <span class='ocrx_word' id='word_1_55' title='bbox 785 1265 869 1330; x_wconf 85' lang='lat' dir='ltr'><strong>circa</strong></span> <span class='ocrx_word' id='word_1_56' title='bbox 884 1284 1001 1331; x_wconf 90' lang='lat' dir='ltr'><strong>annum</strong></span> <span class='ocrx_word' id='word_1_57' title='bbox 1017 1266 1081 1333; x_wconf 88' lang='grc'><strong>560</strong></span> <span class='ocrx_word' id='word_1_58' title='bbox 1095 1269 1125 1348; x_wconf 90' lang='lat'><strong>¹)</strong></span> <span class='ocrx_word' id='word_1_59' title='bbox 1141 1285 1168 1332; x_wconf 94' lang='lat' dir='ltr'><strong>a.</strong></span> <span class='ocrx_word' id='word_1_60' title='bbox 1185 1267 1257 1333; x_wconf 82' lang='lat' dir='ltr'><strong>Chr.</strong></span> 
     </span>
     <span class='ocr_line' id='line_1_9' title="bbox 214 1367 1257 1451; baseline 0.001 -17"><span class='ocrx_word' id='word_1_61' title='bbox 214 1387 285 1434; x_wconf 89' lang='lat' dir='ltr'><strong>cum</strong></span> <span class='ocrx_word' id='word_1_62' title='bbox 308 1367 427 1434; x_wconf 81' lang='lat' dir='ltr'><strong>Croeso</strong></span> <span class='ocrx_word' id='word_1_63' title='bbox 450 1367 638 1432; x_wconf 89' lang='lat' dir='ltr'><strong>convenisse</strong></span> <span class='ocrx_word' id='word_1_64' title='bbox 660 1369 822 1449; x_wconf 85' lang='lat' dir='ltr'><strong>putandus</strong></span> <span class='ocrx_word' id='word_1_65' title='bbox 846 1375 912 1448; x_wconf 85' lang='lat' dir='ltr'><strong>cst,</strong></span> <span class='ocrx_word' id='word_1_66' title='bbox 933 1369 993 1433; x_wconf 88' lang='lat' dir='ltr'><strong>nec&#39;</strong></span> <span class='ocrx_word' id='word_1_67' title='bbox 1015 1369 1125 1451; x_wconf 87' lang='lat' dir='ltr'><strong>negari</strong></span> <span class='ocrx_word' id='word_1_68' title='bbox 1149 1375 1257 1451; x_wconf 85' lang='lat' dir='ltr'><strong>potest</strong></span> 
     </span>
     <span class='ocr_line' id='line_1_10' title="bbox 216 1470 1257 1554; baseline 0.004 -19"><span class='ocrx_word' id='word_1_69' title='bbox 216 1489 289 1536; x_wconf 87' lang='lat' dir='ltr'><strong>esse</strong></span> <span class='ocrx_word' id='word_1_70' title='bbox 311 1471 467 1552; x_wconf 89' lang='lat' dir='ltr'><strong>quasdam</strong></span> <span class='ocrx_word' id='word_1_71' title='bbox 491 1489 599 1535; x_wconf 88' lang='lat' dir='ltr'><strong>eorum</strong></span> <span class='ocrx_word' id='word_1_72' title='bbox 622 1475 742 1552; x_wconf 86' lang='lat' dir='ltr'><strong>partes,</strong></span> <span class='ocrx_word' id='word_1_73' title='bbox 764 1489 846 1552; x_wconf 89' lang='lat' dir='ltr'><strong>quae</strong></span> <span class='ocrx_word' id='word_1_74' title='bbox 868 1471 915 1540; x_wconf 58' lang='lat' dir='ltr'><strong>ad,</strong></span> <span class='ocrx_word' id='word_1_75' title='bbox 933 1470 1168 1554; x_wconf 82' lang='lat' dir='ltr'><strong>philosophiam</strong></span> <span class='ocrx_word' id='word_1_76' title='bbox 1191 1491 1257 1538; x_wconf 94' lang='lat' dir='ltr'><strong>ma·</strong></span> 
     </span>
     <span class='ocr_line' id='line_1_11' title="bbox 215 1573 1256 1657; baseline 0.002 -19"><span class='ocrx_word' id='word_1_77' title='bbox 215 1574 264 1655; x_wconf 82' lang='lat' dir='ltr'><strong>gis</strong></span> <span class='ocrx_word' id='word_1_78' title='bbox 287 1593 382 1656; x_wconf 88' lang='lat' dir='ltr'><strong>quam</strong></span> <span class='ocrx_word' id='word_1_79' title='bbox 413 1574 454 1638; x_wconf 85' lang='lat' dir='ltr'><strong>ad</strong></span> <span class='ocrx_word' id='word_1_80' title='bbox 481 1573 645 1656; x_wconf 86' lang='lat' dir='ltr'><strong>Lydorum</strong></span> <span class='ocrx_word' id='word_1_81' title='bbox 668 1573 835 1638; x_wconf 83' lang='lat' dir='ltr'><strong>historiam</strong></span> <span class='ocrx_word' id='word_1_82' title='bbox 858 1573 1054 1655; x_wconf 87' lang='lat' dir='ltr'><strong>pertineant,</strong></span> <span class='ocrx_word' id='word_1_83' title='bbox 1088 1574 1201 1657; x_wconf 89' lang='lat' dir='ltr'><strong>quibus</strong></span> <span class='ocrx_word' id='word_1_84' title='bbox 1224 1575 1256 1641; x_wconf 93' lang='lat' dir='ltr'><strong>in</strong></span> 
     </span>
     <span class='ocr_line' id='line_1_12' title="bbox 214 1675 1255 1758; baseline 0.001 -17"><span class='ocrx_word' id='word_1_85' title='bbox 214 1677 385 1742; x_wconf 90' lang='lat' dir='ltr'><strong>reddendis</strong></span> <span class='ocrx_word' id='word_1_86' title='bbox 396 1677 580 1742; x_wconf 89' lang='lat' dir='ltr'><strong>Herodotus</strong></span> <span class='ocrx_word' id='word_1_87' title='bbox 593 1695 697 1758; x_wconf 86' lang='lat' dir='ltr'><strong>paene</strong></span> <span class='ocrx_word' id='word_1_88' title='bbox 713 1675 832 1742; x_wconf 90' lang='lat' dir='ltr'><strong>oblitus</strong></span> <span class='ocrx_word' id='word_1_89' title='bbox 846 1695 919 1742; x_wconf 89' lang='lat' dir='ltr'><strong>esse</strong></span> <span class='ocrx_word' id='word_1_90' title='bbox 931 1678 1058 1742; x_wconf 88' lang='lat' dir='ltr'><strong>videtur</strong></span> <span class='ocrx_word' id='word_1_91' title='bbox 1068 1677 1177 1744; x_wconf 80' lang='lat' dir='ltr'><strong>Croesi</strong></span> <span class='ocrx_word' id='word_1_92' title='bbox 1189 1696 1255 1743; x_wconf 88' lang='lat' dir='ltr'><strong>sor-</strong></span> 
     </span>
     <span class='ocr_line' id='line_1_13' title="bbox 215 1779 1258 1860; baseline -0.001 -15"><span class='ocrx_word' id='word_1_93' title='bbox 215 1784 280 1845; x_wconf 89' lang='lat' dir='ltr'><strong>tem</strong></span> <span class='ocrx_word' id='word_1_94' title='bbox 290 1797 421 1844; x_wconf 87' lang='lat' dir='ltr'><strong>narrare</strong></span> <span class='ocrx_word' id='word_1_95' title='bbox 430 1779 491 1844; x_wconf 89' lang='lat' dir='ltr'><strong>sibi</strong></span> <span class='ocrx_word' id='word_1_96' title='bbox 501 1779 981 1860; x_wconf 78' lang='lat' dir='ltr'><strong>cssepropositum.-Quacum</strong></span> <span class='ocrx_word' id='word_1_97' title='bbox 992 1779 1181 1845; x_wconf 89' lang='lat' dir='ltr'><strong>arctioribus</strong></span> <span class='ocrx_word' id='word_1_98' title='bbox 1189 1780 1258 1846; x_wconf 85' lang='lat' dir='ltr'><strong>uin-</strong></span> 
     </span>
    </p>
   </div>
   <div class='ocr_carea' id='block_1_3' title="bbox 213 1882 1257 2271">
    <p class='ocr_par' dir='ltr' id='par_1_3' title="bbox 213 1882 1257 2271">
     <span class='ocr_line' id='line_1_14' title="bbox 215 1882 1257 1965; baseline 0.001 -18"><span class='ocrx_word' id='word_1_99' title='bbox 215 1882 294 1950; x_wconf 90' lang='lat' dir='ltr'><strong>culis</strong></span> <span class='ocrx_word' id='word_1_100' title='bbox 305 1882 485 1947; x_wconf 87' lang='lat' dir='ltr'><strong>continetur</strong></span> <span class='ocrx_word' id='word_1_101' title='bbox 497 1883 637 1946; x_wconf 88' lang='lat' dir='ltr'><strong>narratio</strong></span> <span class='ocrx_word' id='word_1_102' title='bbox 651 1882 691 1947; x_wconf 87' lang='lat' dir='ltr'><strong>de</strong></span> <span class='ocrx_word' id='word_1_103' title='bbox 700 1883 839 1947; x_wconf 89' lang='lat' dir='ltr'><strong>Adrasto</strong></span> <span class='ocrx_word' id='word_1_104' title='bbox 847 1882 974 1965; x_wconf 83' lang='lat' dir='ltr'><strong>Phryge</strong></span> <span class='ocrx_word' id='word_1_105' title='bbox 986 1887 1049 1964; x_wconf 84' lang='lat' dir='ltr'><strong>(ap.</strong></span> <span class='ocrx_word' id='word_1_106' title='bbox 1057 1882 1257 1948; x_wconf 90' lang='lat' dir='ltr'><strong>Herodotum</strong></span> 
     </span>
     <span class='ocr_line' id='line_1_15' title="bbox 213 1983 1257 2067; baseline 0.001 -17"><span class='ocrx_word' id='word_1_107' title='bbox 213 1987 238 2065; x_wconf 94' lang='grc'><strong>1,</strong></span> <span class='ocrx_word' id='word_1_108' title='bbox 254 1985 404 2066; x_wconf 70' lang='lat' dir='ltr'><strong>rte-45),</strong></span> <span class='ocrx_word' id='word_1_109' title='bbox 426 2004 519 2067; x_wconf 90' lang='lat' dir='ltr'><strong>quam</strong></span> <span class='ocrx_word' id='word_1_110' title='bbox 533 1986 694 2067; x_wconf 88' lang='lat' dir='ltr'><strong>Lydorum</strong></span> <span class='ocrx_word' id='word_1_111' title='bbox 706 1983 898 2060; x_wconf 81' lang='lat' dir='ltr'><strong>carminibus</strong></span> <span class='ocrx_word' id='word_1_112' title='bbox 912 1985 1052 2050; x_wconf 85' lang='lat' dir='ltr'><strong>Steinius</strong></span> <span class='ocrx_word' id='word_1_113' title='bbox 1069 1985 1176 2051; x_wconf 88' lang='lat' dir='ltr'><strong>deberi</strong></span> <span class='ocrx_word' id='word_1_114' title='bbox 1193 1991 1257 2051; x_wconf 89' lang='lat' dir='ltr'><strong>sta-</strong></span> 
     </span>
     <span class='ocr_line' id='line_1_16' title="bbox 215 2086 1257 2170; baseline -0.002 -16"><span class='ocrx_word' id='word_1_115' title='bbox 215 2089 290 2167; x_wconf 89' lang='lat' dir='ltr'><strong>tuit;</strong></span> <span class='ocrx_word' id='word_1_116' title='bbox 306 2094 371 2154; x_wconf 88' lang='lat' dir='ltr'><strong>tam</strong></span> <span class='ocrx_word' id='word_1_117' title='bbox 385 2093 497 2170; x_wconf 88' lang='lat' dir='ltr'><strong>aperta</strong></span> <span class='ocrx_word' id='word_1_118' title='bbox 513 2089 595 2152; x_wconf 90' lang='lat' dir='ltr'><strong>enim</strong></span> <span class='ocrx_word' id='word_1_119' title='bbox 610 2087 732 2169; x_wconf 89' lang='lat' dir='ltr'><strong>Lydiae</strong></span> <span class='ocrx_word' id='word_1_120' title='bbox 747 2087 879 2168; x_wconf 85' lang='lat' dir='ltr'><strong>originis</strong></span> <span class='ocrx_word' id='word_1_121' title='bbox 891 2086 1030 2168; x_wconf 83' lang='lat' dir='ltr'><strong>vestigia</strong></span> <span class='ocrx_word' id='word_1_122' title='bbox 1044 2087 1074 2152; x_wconf 90' lang='lat' dir='ltr'><strong>ei</strong></span> <span class='ocrx_word' id='word_1_123' title='bbox 1087 2086 1204 2167; x_wconf 89' lang='lat' dir='ltr'><strong>inesse,</strong></span> <span class='ocrx_word' id='word_1_124' title='bbox 1221 2092 1257 2152; x_wconf 89' lang='lat' dir='ltr'><strong>ut</strong></span> 
     </span>
     <span class='ocr_line' id='line_1_17' title="bbox 215 2177 1256 2271; baseline -0.001 -15"><span class='ocrx_word' id='word_1_125' title='bbox 215 2191 338 2257; x_wconf 89' lang='lat' dir='ltr'><strong>Graeco</strong></span> <span class='ocrx_word' id='word_1_126' title='bbox 351 2190 472 2255; x_wconf 91' lang='lat' dir='ltr'><strong>auctori</strong></span> <span class='ocrx_word' id='word_1_127' title='bbox 484 2190 581 2255; x_wconf 92' lang='lat' dir='ltr'><strong>tribui</strong></span> <span class='ocrx_word' id='word_1_128' title='bbox 594 2195 739 2271; x_wconf 86' lang='lat' dir='ltr'><strong>nequeat</strong></span> <span class='ocrx_word' id='word_1_129' title='bbox 763 2177 1008 2255; x_wconf 83' lang='lat' dir='ltr'><strong>Concedondum</strong></span> <span class='ocrx_word' id='word_1_130' title='bbox 1025 2208 1103 2256; x_wconf 85' lang='lat' dir='ltr'><strong>sane</strong></span> <span class='ocrx_word' id='word_1_131' title='bbox 1116 2197 1166 2255; x_wconf 89' lang='lat' dir='ltr'><strong>est</strong></span> <span class='ocrx_word' id='word_1_132' title='bbox 1178 2191 1256 2255; x_wconf 85' lang='lat' dir='ltr'><strong>viris</strong></span> 
     </span>
    </p>
   </div>
   <div class='ocr_carea' id='block_1_4' title="bbox 213 2292 1257 3816">
    <p class='ocr_par' dir='ltr' id='par_1_4' title="bbox 213 2292 1257 3816">
     <span class='ocr_line' id='line_1_18' title="bbox 216 2292 1256 2378; baseline 0.001 -19"><span class='ocrx_word' id='word_1_133' title='bbox 216 2294 412 2359; x_wconf 84' lang='lat' dir='ltr'><strong>doctissimis</strong></span> <span class='ocrx_word' id='word_1_134' title='bbox 436 2292 577 2358; x_wconf 88' lang='lat' dir='ltr'><strong>Preilero</strong></span> <span class='ocrx_word' id='word_1_135' title='bbox 601 2293 715 2376; x_wconf 90' lang='lat' dir='ltr'><strong>(Myth.</strong></span> <span class='ocrx_word' id='word_1_136' title='bbox 739 2293 817 2374; x_wconf 81' lang='lat'><strong>1,2.</strong></span> <span class='ocrx_word' id='word_1_137' title='bbox 839 2292 917 2378; x_wconf 79' lang='lat'>508)</span> <span class='ocrx_word' id='word_1_138' title='bbox 942 2297 974 2358; x_wconf 90' lang='lat' dir='ltr'><strong>et</strong></span> <span class='ocrx_word' id='word_1_139' title='bbox 995 2293 1164 2359; x_wconf 87' lang='lat' dir='ltr'><strong>Duuckero</strong></span> <span class='ocrx_word' id='word_1_140' title='bbox 1188 2295 1256 2376; x_wconf 87' lang='lat' dir='ltr'><strong>(IV,</strong></span> 
     </span>
     <span class='ocr_line' id='line_1_19' title="bbox 215 2395 1253 2478; baseline 0.002 -18"><span class='ocrx_word' id='word_1_141' title='bbox 215 2397 292 2478; x_wconf 83' lang='lat'>315)</span> <span class='ocrx_word' id='word_1_142' title='bbox 323 2396 458 2462; x_wconf 88' lang='lat' dir='ltr'><strong>subesse</strong></span> <span class='ocrx_word' id='word_1_143' title='bbox 480 2395 621 2460; x_wconf 88' lang='lat' dir='ltr'><strong>Adrasto</strong></span> <span class='ocrx_word' id='word_1_144' title='bbox 644 2396 708 2476; x_wconf 90' lang='lat' dir='ltr'><strong>illi,</strong></span> <span class='ocrx_word' id='word_1_145' title='bbox 737 2396 790 2478; x_wconf 89' lang='lat' dir='ltr'><strong>qui</strong></span> <span class='ocrx_word' id='word_1_146' title='bbox 813 2401 983 2478; x_wconf 89' lang='lat' dir='ltr'><strong>postquam</strong></span> <span class='ocrx_word' id='word_1_147' title='bbox 1005 2395 1139 2462; x_wconf 87' lang='lat' dir='ltr'><strong>fratrem</strong></span> <span class='ocrx_word' id='word_1_148' title='bbox 1162 2415 1253 2464; x_wconf 86' lang='lat' dir='ltr'><strong>neca-</strong></span> 
     </span>
     <span class='ocr_line' id='line_1_20' title="bbox 216 2496 1257 2581; baseline -0.001 -16"><span class='ocrx_word' id='word_1_149' title='bbox 216 2500 274 2580; x_wconf 87' lang='lat' dir='ltr'><strong>vit,</strong></span> <span class='ocrx_word' id='word_1_150' title='bbox 296 2499 422 2581; x_wconf 87' lang='lat' dir='ltr'><strong>patriae</strong></span> <span class='ocrx_word' id='word_1_151' title='bbox 445 2498 534 2563; x_wconf 81' lang='lat' dir='ltr'><strong>exsul</strong></span> <span class='ocrx_word' id='word_1_152' title='bbox 565 2517 585 2564; x_wconf 89' lang='lat' dir='ltr'><strong>a</strong></span> <span class='ocrx_word' id='word_1_153' title='bbox 606 2496 725 2564; x_wconf 83' lang='lat' dir='ltr'><strong>Croeso</strong></span> <span class='ocrx_word' id='word_1_154' title='bbox 756 2497 788 2564; x_wconf 94' lang='lat' dir='ltr'><strong>in</strong></span> <span class='ocrx_word' id='word_1_155' title='bbox 811 2499 987 2580; x_wconf 89' lang='lat' dir='ltr'><strong>hospitium</strong></span> <span class='ocrx_word' id='word_1_156' title='bbox 1017 2504 1166 2580; x_wconf 86' lang='lat' dir='ltr'><strong>receptus</strong></span> <span class='ocrx_word' id='word_1_157' title='bbox 1189 2501 1257 2566; x_wconf 90' lang='lat' dir='ltr'><strong>eius</strong></span> 
     </span>
     <span class='ocr_line' id='line_1_21' title="bbox 213 2601 1256 2684; baseline 0 -17"><span class='ocrx_word' id='word_1_158' title='bbox 213 2602 279 2668; x_wconf 93' lang='lat' dir='ltr'><strong>filio</strong></span> <span class='ocrx_word' id='word_1_159' title='bbox 300 2601 421 2668; x_wconf 88' lang='lat' dir='ltr'><strong>invitus</strong></span> <span class='ocrx_word' id='word_1_160' title='bbox 443 2601 615 2684; x_wconf 90' lang='lat' dir='ltr'><strong>perniciem</strong></span> <span class='ocrx_word' id='word_1_161' title='bbox 638 2601 728 2682; x_wconf 88' lang='lat' dir='ltr'><strong>tulit,</strong></span> <span class='ocrx_word' id='word_1_162' title='bbox 759 2601 893 2667; x_wconf 88' lang='lat' dir='ltr'><strong>subesse</strong></span> <span class='ocrx_word' id='word_1_163' title='bbox 923 2601 996 2667; x_wconf 92' lang='lat' dir='ltr'><strong>huic</strong></span> <span class='ocrx_word' id='word_1_164' title='bbox 1018 2602 1179 2684; x_wconf 83' lang='lat' dir='ltr'><strong>Phrygum</strong></span> <span class='ocrx_word' id='word_1_165' title='bbox 1192 2603 1256 2668; x_wconf 77' lang='lat' dir='ltr'><strong>&#39;he-</strong></span> 
     </span>
     <span class='ocr_line' id='line_1_22' title="bbox 215 2705 1255 2787; baseline 0 -17"><span class='ocrx_word' id='word_1_166' title='bbox 215 2725 302 2773; x_wconf 87' lang='lat' dir='ltr'><strong>roem</strong></span> <span class='ocrx_word' id='word_1_167' title='bbox 326 2706 518 2786; x_wconf 87' lang='lat' dir='ltr'><strong>Adrastum,</strong></span> <span class='ocrx_word' id='word_1_168' title='bbox 549 2705 603 2786; x_wconf 93' lang='lat' dir='ltr'><strong>qui</strong></span> <span class='ocrx_word' id='word_1_169' title='bbox 635 2705 817 2770; x_wconf 81' lang='lat' dir='ltr'><strong>Adrasteus</strong></span> <span class='ocrx_word' id='word_1_170' title='bbox 848 2706 945 2786; x_wconf 88' lang='lat' dir='ltr'><strong>deae,</strong></span> <span class='ocrx_word' id='word_1_171' title='bbox 978 2723 1072 2787; x_wconf 89' lang='lat' dir='ltr'><strong>quam</strong></span> <span class='ocrx_word' id='word_1_172' title='bbox 1104 2705 1255 2772; x_wconf 88' lang='lat' dir='ltr'><strong>Nemesin</strong></span> 
     </span>
     <span class='ocr_line' id='line_1_23' title="bbox 215 2807 1254 2889; baseline -0.002 -15"><span class='ocrx_word' id='word_1_173' title='bbox 215 2809 329 2874; x_wconf 87' lang='lat' dir='ltr'><strong>Graeci</strong></span> <span class='ocrx_word' id='word_1_174' title='bbox 353 2808 527 2889; x_wconf 87' lang='lat' dir='ltr'><strong>vocabant,</strong></span> <span class='ocrx_word' id='word_1_175' title='bbox 558 2807 695 2889; x_wconf 93' lang='lat' dir='ltr'><strong>primum</strong></span> <span class='ocrx_word' id='word_1_176' title='bbox 714 2808 871 2889; x_wconf 86' lang='lat' dir='ltr'><strong>templum</strong></span> <span class='ocrx_word' id='word_1_177' title='bbox 894 2807 1037 2873; x_wconf 94' lang='lat' dir='ltr'><strong>condidit</strong></span> <span class='ocrx_word' id='word_1_178' title='bbox 1066 2812 1099 2872; x_wconf 90' lang='lat' dir='ltr'><strong>et</strong></span> <span class='ocrx_word' id='word_1_179' title='bbox 1121 2808 1163 2872; x_wconf 92' lang='lat' dir='ltr'><strong>ad</strong></span> <span class='ocrx_word' id='word_1_180' title='bbox 1185 2808 1254 2872; x_wconf 91' lang='lat' dir='ltr'><strong>eius</strong></span> 
     </span>
     <span class='ocr_line' id='line_1_24' title="bbox 215 2909 1255 2994; baseline -0.001 -17"><span class='ocrx_word' id='word_1_181' title='bbox 215 2913 334 2978; x_wconf 90' lang='lat' dir='ltr'><strong>cultum</strong></span> <span class='ocrx_word' id='word_1_182' title='bbox 350 2911 494 2994; x_wconf 83' lang='lat' dir='ltr'><strong>Phryges</strong></span> <span class='ocrx_word' id='word_1_183' title='bbox 517 2910 695 2990; x_wconf 88' lang='lat' dir='ltr'><strong>advocavit,</strong></span> <span class='ocrx_word' id='word_1_184' title='bbox 718 2947 759 2956; x_wconf 92' lang='lat'><strong>—-</strong></span> <span class='ocrx_word' id='word_1_185' title='bbox 781 2911 1019 2976; x_wconf 88' lang='lat' dir='ltr'><strong>concedendum</strong></span> <span class='ocrx_word' id='word_1_186' title='bbox 1043 2914 1093 2974; x_wconf 86' lang='lat' dir='ltr'><strong>est</strong></span> <span class='ocrx_word' id='word_1_187' title='bbox 1114 2909 1146 2974; x_wconf 93' lang='lat' dir='ltr'><strong>iu</strong></span> <span class='ocrx_word' id='word_1_188' title='bbox 1173 2913 1255 2993; x_wconf 86' lang='lat' dir='ltr'><strong>Atye</strong></span> 
     </span>
     <span class='ocr_line' id='line_1_25' title="bbox 215 3012 1253 3094; baseline -0.002 -14"><span class='ocrx_word' id='word_1_189' title='bbox 215 3013 324 3080; x_wconf 81' lang='lat' dir='ltr'><strong>Croesi</strong></span> <span class='ocrx_word' id='word_1_190' title='bbox 347 3013 422 3092; x_wconf 93' lang='lat' dir='ltr'><strong>filio,</strong></span> <span class='ocrx_word' id='word_1_191' title='bbox 446 3013 496 3079; x_wconf 90' lang='lat' dir='ltr'><strong>cui</strong></span> <span class='ocrx_word' id='word_1_192' title='bbox 518 3013 693 3093; x_wconf 87' lang='lat' dir='ltr'><strong>iuventute,</strong></span> <span class='ocrx_word' id='word_1_193' title='bbox 715 3013 960 3094; x_wconf 88' lang='lat' dir='ltr'><strong>pulchritudine,</strong></span> <span class='ocrx_word' id='word_1_194' title='bbox 986 3012 1131 3081; x_wconf 91' lang='lat' dir='ltr'><strong>omnibus</strong></span> <span class='ocrx_word' id='word_1_195' title='bbox 1153 3013 1253 3078; x_wconf 85' lang='lat' dir='ltr'><strong>virtu-</strong></span> 
     </span>
     <span class='ocr_line' id='line_1_26' title="bbox 216 3115 1254 3199; baseline -0.003 -16"><span class='ocrx_word' id='word_1_196' title='bbox 216 3118 301 3184; x_wconf 89' lang='lat' dir='ltr'><strong>tibus</strong></span> <span class='ocrx_word' id='word_1_197' title='bbox 323 3117 448 3183; x_wconf 87' lang='lat' dir='ltr'><strong>florenti</strong></span> <span class='ocrx_word' id='word_1_198' title='bbox 471 3135 549 3184; x_wconf 87' lang='lat' dir='ltr'><strong>casu</strong></span> <span class='ocrx_word' id='word_1_199' title='bbox 570 3115 687 3182; x_wconf 89' lang='lat' dir='ltr'><strong>infesto</strong></span> <span class='ocrx_word' id='word_1_200' title='bbox 710 3115 847 3199; x_wconf 91' lang='lat' dir='ltr'><strong>opprimi</strong></span> <span class='ocrx_word' id='word_1_201' title='bbox 869 3115 970 3182; x_wconf 87' lang='lat' dir='ltr'><strong>iatum</strong></span> <span class='ocrx_word' id='word_1_202' title='bbox 992 3120 1079 3196; x_wconf 88' lang='lat' dir='ltr'><strong>erat,</strong></span> <span class='ocrx_word' id='word_1_203' title='bbox 1108 3121 1254 3182; x_wconf 88' lang='lat' dir='ltr'><strong>renatum</strong></span> 
     </span>
     <span class='ocr_line' id='line_1_27' title="bbox 216 3219 1253 3302; baseline -0.002 -16"><span class='ocrx_word' id='word_1_204' title='bbox 216 3239 288 3286; x_wconf 89' lang='lat' dir='ltr'><strong>esse</strong></span> <span class='ocrx_word' id='word_1_205' title='bbox 310 3226 474 3302; x_wconf 88' lang='lat' dir='ltr'><strong>tamquam</strong></span> <span class='ocrx_word' id='word_1_206' title='bbox 497 3221 613 3302; x_wconf 91' lang='lat' dir='ltr'><strong>Atyem</strong></span> <span class='ocrx_word' id='word_1_207' title='bbox 636 3220 789 3300; x_wconf 87' lang='lat' dir='ltr'><strong>aiterum,</strong></span> <span class='ocrx_word' id='word_1_208' title='bbox 822 3221 983 3302; x_wconf 91' lang='lat' dir='ltr'><strong>Lydorum</strong></span> <span class='ocrx_word' id='word_1_209' title='bbox 1007 3220 1121 3299; x_wconf 91' lang='lat' dir='ltr'><strong>deum,</strong></span> <span class='ocrx_word' id='word_1_210' title='bbox 1149 3219 1253 3284; x_wconf 88' lang='lat' dir='ltr'><strong>Manis</strong></span> 
     </span>
     <span class='ocr_line' id='line_1_28' title="bbox 214 3320 1255 3387; baseline 0 -1"><span class='ocrx_word' id='word_1_211' title='bbox 214 3321 314 3387; x_wconf 89' lang='lat' dir='ltr'><strong>filium</strong></span> <span class='ocrx_word' id='word_1_212' title='bbox 336 3357 378 3369; x_wconf 93' lang='lat'>-</span> <span class='ocrx_word' id='word_1_213' title='bbox 407 3329 515 3387; x_wconf 84' lang='lat' dir='ltr'><strong>temen</strong></span> <span class='ocrx_word' id='word_1_214' title='bbox 546 3323 719 3387; x_wconf 89' lang='lat' dir='ltr'><strong>tenendum</strong></span> <span class='ocrx_word' id='word_1_215' title='bbox 746 3322 790 3387; x_wconf 87' lang='lat' dir='ltr'><strong>sit</strong></span> <span class='ocrx_word' id='word_1_216' title='bbox 821 3321 949 3387; x_wconf 88' lang='lat' dir='ltr'><strong>fabulae</strong></span> <span class='ocrx_word' id='word_1_217' title='bbox 976 3322 1050 3386; x_wconf 89' lang='lat' dir='ltr'><strong>huic</strong></span> <span class='ocrx_word' id='word_1_218' title='bbox 1082 3320 1255 3386; x_wconf 86' lang='lat' dir='ltr'><strong>intestinae</strong></span> 
     </span>
     <span class='ocr_line' id='line_1_29' title="bbox 216 3423 1254 3506; baseline -0.002 -17"><span class='ocrx_word' id='word_1_219' title='bbox 216 3429 249 3489; x_wconf 93' lang='lat' dir='ltr'><strong>et</strong></span> <span class='ocrx_word' id='word_1_220' title='bbox 270 3425 465 3490; x_wconf 87' lang='lat' dir='ltr'><strong>domesticae</strong></span> <span class='ocrx_word' id='word_1_221' title='bbox 488 3424 663 3506; x_wconf 88' lang='lat' dir='ltr'><strong>Lydorum,</strong></span> <span class='ocrx_word' id='word_1_222' title='bbox 694 3441 776 3506; x_wconf 89' lang='lat' dir='ltr'><strong>quae</strong></span> <span class='ocrx_word' id='word_1_223' title='bbox 798 3425 906 3490; x_wconf 86' lang='lat' dir='ltr'><strong>nescio</strong></span> <span class='ocrx_word' id='word_1_224' title='bbox 937 3443 977 3489; x_wconf 89' lang='lat' dir='ltr'><strong>an</strong></span> <span class='ocrx_word' id='word_1_225' title='bbox 1000 3430 1133 3506; x_wconf 91' lang='lat' dir='ltr'><strong>propter</strong></span> <span class='ocrx_word' id='word_1_226' title='bbox 1154 3423 1254 3488; x_wconf 91' lang='lat' dir='ltr'><strong>nomi·</strong></span> 
     </span>
     <span class='ocr_line' id='line_1_30' title="bbox 217 3525 1253 3610; baseline -0.001 -18"><span class='ocrx_word' id='word_1_227' title='bbox 217 3546 293 3592; x_wconf 93' lang='lat' dir='ltr'><strong>num</strong></span> <span class='ocrx_word' id='word_1_228' title='bbox 317 3526 557 3592; x_wconf 88' lang='lat' dir='ltr'><strong>similitudinem</strong></span> <span class='ocrx_word' id='word_1_229' title='bbox 580 3528 620 3593; x_wconf 89' lang='lat' dir='ltr'><strong>ab</strong></span> <span class='ocrx_word' id='word_1_230' title='bbox 636 3529 722 3610; x_wconf 86' lang='lat' dir='ltr'><strong>Atye</strong></span> <span class='ocrx_word' id='word_1_231' title='bbox 745 3528 804 3592; x_wconf 88' lang='lat' dir='ltr'><strong>deo</strong></span> <span class='ocrx_word' id='word_1_232' title='bbox 827 3527 869 3592; x_wconf 87' lang='lat' dir='ltr'><strong>ad</strong></span> <span class='ocrx_word' id='word_1_233' title='bbox 884 3530 999 3610; x_wconf 88' lang='lat' dir='ltr'><strong>Atyem</strong></span> <span class='ocrx_word' id='word_1_234' title='bbox 1022 3527 1132 3592; x_wconf 80' lang='lat' dir='ltr'><strong>Croesi</strong></span> <span class='ocrx_word' id='word_1_235' title='bbox 1153 3525 1253 3591; x_wconf 91' lang='lat' dir='ltr'><strong>filium</strong></span> 
     </span>
     <span class='ocr_line' id='line_1_31' title="bbox 214 3628 1252 3718; baseline -0.001 -23"><span class='ocrx_word' id='word_1_236' title='bbox 214 3631 373 3696; x_wconf 85' lang='lat' dir='ltr'><strong>translata</strong></span> <span class='ocrx_word' id='word_1_237' title='bbox 395 3629 446 3710; x_wconf 90' lang='lat' dir='ltr'><strong>sit,</strong></span> <span class='ocrx_word' id='word_1_238' title='bbox 468 3629 561 3711; x_wconf 88' lang='lat' dir='ltr'><strong>quasi</strong></span> <span class='ocrx_word' id='word_1_239' title='bbox 583 3628 789 3696; x_wconf 84' lang='lat' dir='ltr'><strong>fundamento</strong></span> <span class='ocrx_word' id='word_1_240' title='bbox 813 3630 971 3696; x_wconf 86' lang='lat' dir='ltr'><strong>aGracco</strong></span> <span class='ocrx_word' id='word_1_241' title='bbox 988 3634 1119 3718; x_wconf 88' lang='lat' dir='ltr'><strong>auctore</strong></span> <span class='ocrx_word' id='word_1_242' title='bbox 1140 3629 1252 3711; x_wconf 82' lang='lat' dir='ltr'><strong>quovis</strong></span> 
     </span>
     <span class='ocr_line' id='line_1_32' title="bbox 216 3731 1253 3816; baseline -0.001 -19"><span class='ocrx_word' id='word_1_243' title='bbox 216 3739 469 3816; x_wconf 78' lang='lat' dir='ltr'><strong>superstructum</strong></span> <span class='ocrx_word' id='word_1_244' title='bbox 491 3750 563 3799; x_wconf 89' lang='lat' dir='ltr'><strong>esse</strong></span> <span class='ocrx_word' id='word_1_245' title='bbox 584 3733 672 3798; x_wconf 89' lang='lat' dir='ltr'><strong>illam</strong></span> <span class='ocrx_word' id='word_1_246' title='bbox 687 3733 902 3800; x_wconf 86' lang='lat' dir='ltr'><strong>narrationem</strong></span> <span class='ocrx_word' id='word_1_247' title='bbox 925 3733 1049 3798; x_wconf 89' lang='lat' dir='ltr'><strong>ratione</strong></span> <span class='ocrx_word' id='word_1_248' title='bbox 1072 3737 1106 3798; x_wconf 90' lang='lat' dir='ltr'><strong>et</strong></span> <span class='ocrx_word' id='word_1_249' title='bbox 1127 3731 1253 3798; x_wconf 81' lang='lat' dir='ltr'><strong>auxihis</strong></span> 
     </span>
    </p>
   </div>
   <div class='ocr_carea' id='block_1_5' title="bbox 215 3887 421 3902">
    <p class='ocr_par' dir='ltr' id='par_1_5' title="bbox 215 3887 421 3902">
     <span class='ocr_line' id='line_1_33' title="bbox 215 3887 421 3902; baseline 0.005 -1"><span class='ocrx_word' id='word_1_250' title='bbox 215 3887 421 3902; x_wconf 57' lang='lat' dir='ltr'><strong>-U—-n--n</strong></span> 
     </span>
    </p>
   </div>
   <div class='ocr_carea' id='block_1_6' title="bbox 216 3974 1254 4226">
    <p class='ocr_par' dir='ltr' id='par_1_6' title="bbox 216 3974 1254 4226">
     <span class='ocr_line' id='line_1_34' title="bbox 305 3974 1254 4058; baseline 0 -23"><span class='ocrx_word' id='word_1_251' title='bbox 305 3977 334 4055; x_wconf 86' lang='lat'><strong>1)</strong></span> <span class='ocrx_word' id='word_1_252' title='bbox 358 3977 424 4041; x_wconf 78' lang='lat' dir='ltr'><strong>Qua</strong></span> <span class='ocrx_word' id='word_1_253' title='bbox 446 3980 482 4038; x_wconf 85' lang='lat' dir='ltr'><strong>do</strong></span> <span class='ocrx_word' id='word_1_254' title='bbox 503 3995 536 4038; x_wconf 85' lang='lat' dir='ltr'><strong>ro</strong></span> <span class='ocrx_word' id='word_1_255' title='bbox 559 3978 596 4038; x_wconf 86' lang='lat' dir='ltr'><strong>ef.</strong></span> <span class='ocrx_word' id='word_1_256' title='bbox 618 3977 761 4036; x_wconf 86' lang='lat' dir='ltr'><strong>Dunoker</strong></span> <span class='ocrx_word' id='word_1_257' title='bbox 782 3976 803 4036; x_wconf 94' lang='grc'><strong>1.</strong></span> <span class='ocrx_word' id='word_1_258' title='bbox 826 3975 845 4037; x_wconf 90' lang='grc'><strong>1.</strong></span> <span class='ocrx_word' id='word_1_259' title='bbox 868 3974 1047 4058; x_wconf 70' lang='grc'>11453154,</span> <span class='ocrx_word' id='word_1_260' title='bbox 1070 3977 1176 4036; x_wconf 78' lang='lat' dir='ltr'><strong>Nieser</strong></span> <span class='ocrx_word' id='word_1_261' title='bbox 1199 3995 1254 4035; x_wconf 83' lang='lat' dir='ltr'><strong>nur</strong></span> 
     </span>
     <span class='ocr_line' id='line_1_35' title="bbox 217 4061 1252 4138; baseline -0.001 -18"><span class='ocrx_word' id='word_1_262' title='bbox 217 4061 320 4122; x_wconf 79' lang='lat' dir='ltr'><strong>Geach.</strong></span> <span class='ocrx_word' id='word_1_263' title='bbox 344 4063 448 4124; x_wconf 80' lang='lat' dir='ltr'><strong>Solone</strong></span> <span class='ocrx_word' id='word_1_264' title='bbox 479 4085 508 4127; x_wconf 81' lang='lat' dir='ltr'><strong>u</strong></span> <span class='ocrx_word' id='word_1_265' title='bbox 531 4065 629 4125; x_wconf 84' lang='lat' dir='ltr'><strong>seiner</strong></span> <span class='ocrx_word' id='word_1_266' title='bbox 649 4063 715 4121; x_wconf 85' lang='lat' dir='ltr'><strong>Zeit</strong></span> <span class='ocrx_word' id='word_1_267' title='bbox 743 4082 773 4138; x_wconf 90' lang='lat' dir='ltr'><strong>p.</strong></span> <span class='ocrx_word' id='word_1_268' title='bbox 797 4067 826 4123; x_wconf 88' lang='grc'><strong>9.</strong></span> <span class='ocrx_word' id='word_1_269' title='bbox 870 4063 999 4138; x_wconf 86' lang='lat' dir='ltr'><strong>(Histor.</strong></span> <span class='ocrx_word' id='word_1_270' title='bbox 1028 4063 1252 4122; x_wconf 84' lang='lat' dir='ltr'><strong>Untersuchun-</strong></span> 
     </span>
     <span class='ocr_line' id='line_1_36' title="bbox 216 4147 1079 4226; baseline 0.001 -19"><span class='ocrx_word' id='word_1_271' title='bbox 216 4166 274 4222; x_wconf 86' lang='lat' dir='ltr'><strong>gon</strong></span> <span class='ocrx_word' id='word_1_272' title='bbox 297 4169 323 4210; x_wconf 81' lang='lat' dir='ltr'><strong>r.</strong></span> <span class='ocrx_word' id='word_1_273' title='bbox 345 4148 497 4211; x_wconf 85' lang='lat' dir='ltr'><strong>Juhil&#39;a&#39;nm</strong></span> <span class='ocrx_word' id='word_1_274' title='bbox 517 4149 635 4211; x_wconf 85' lang='lat' dir='ltr'><strong>Arnold</strong></span> <span class='ocrx_word' id='word_1_275' title='bbox 656 4148 821 4212; x_wconf 79' lang='lat' dir='ltr'><strong>Schaefers.</strong></span> <span class='ocrx_word' id='word_1_276' title='bbox 863 4149 950 4209; x_wconf 90' lang='lat' dir='ltr'><strong>Bonn</strong></span> <span class='ocrx_word' id='word_1_277' title='bbox 978 4147 1079 4226; x_wconf 79' lang='lat'>1882).</span> 
     </span>
    </p>
   </div>
   <div class='ocr_carea' id='block_1_7' title="bbox 1028 4256 1045 4310">
    <p class='ocr_par' dir='ltr' id='par_1_7' title="bbox 1028 4256 1045 4310">
     <span class='ocr_line' id='line_1_37' title="bbox 1028 4256 1045 4310; baseline 0 0"><span class='ocrx_word' id='word_1_278' title='bbox 1028 4256 1045 4310; x_wconf 81' lang='lat'>4</span> 
     </span>
    </p>
   </div>
   <div class='ocr_carea' id='block_1_8' title="bbox 0 0 1564 4888">
    <p class='ocr_par' dir='ltr' id='par_1_8' title="bbox 0 0 1564 4888">
     <span class='ocr_line' id='line_1_38' title="bbox 0 0 1564 4888; baseline 0 0"><span class='ocrx_word' id='word_1_279' title='bbox 0 0 1564 4888; x_wconf 95' lang='lat' dir='ltr'><strong> </strong></span> 
     </span>
    </p>
   </div>
  </div>
 </body>
</html>
