3120 4888
616 495 828 562 ..19-

201 665 282 750 ipsa,
305 664 421 749 quibus
443 663 594 732 Xanthus
616 664 649 731 in
671 685 706 732 re
728 666 888 732 narranda
910 683 986 736 usus
1009 671 1088 747 erat,
1111 669 1238 732 exstare

202 768 404 862 manifestum
426 774 484 833 est.
528 767 643 849 Ceteri,
666 769 719 852 qui
736 785 807 836 cum
823 768 946 838 Nicolai
962 768 1149 851 fragmentis
1165 787 1237 834 con·

202 876 331 953 gruunt,
353 869 414 936 loci
437 871 661 953 Lydiacorum,
683 891 755 938 cum
777 871 820 938 ad
842 870 1022 952 fragmenta
1043 871 1147 939 minus
1169 890 1238 937 uer·

202 975 280 1040 bosa
302 979 335 1040 11
357 975 401 1038 ad
421 972 588 1038 historiam
603 972 780 1040 fabularem
803 974 995 1057 pertineant,
1018 991 1079 1038 non
1101 973 1237 1040 multum

203 1077 311 1142 ualent
332 1076 375 1140 ad
396 1093 452 1140 nos
475 1077 515 1142 de
537 1076 748 1158 Lydiacorum
771 1076 878 1143 indole
900 1082 933 1143 et
955 1084 1141 1158 argumento
1164 1078 1238 1144 edo·

204 1180 338 1260 cerdon,
371 1181 433 1243 duo
456 1196 531 1243 vero
553 1178 601 1243 illi
625 1178 665 1246 de
686 1179 809 1248 Alcimo
840 1178 892 1262 (fr.
917 1180 972 1261 10)
1004 1185 1036 1244 et
1058 1181 1098 1246 de
1120 1180 1239 1264 Tylone

204 1281 255 1358 (fr.
280 1280 332 1362 16)
362 1282 403 1346 ad
431 1280 662 1352 nobilissimum
690 1282 813 1348 Nicolai
842 1281 1056 1365 fragmentum
1078 1283 1119 1348 48
1149 1283 1239 1363 (Din-

204 1383 278 1451 dorf
307 1403 338 1466 p.
361 1385 687 1466 11-36111111111,
716 1385 750 1450 in
773 1404 835 1468 quo
857 1385 1019 1466 Lydorum
1042 1385 1177 1452 historia
1198 1385 1245 1450 ab·

205 1488 312 1572 Ardye
342 1504 540 1570 regensque
569 1488 611 1554 ad
635 1489 733 1570 Gygis
756 1494 900 1570 tempora
923 1487 1102 1564 deducitur.
1146 1489 1238 1566 Quod

205 1589 250 1656 ibi
271 1595 423 1655 narratur
445 1590 555 1672 Ardyn
585 1608 691 1672 regem
722 1590 931 1656 iustissimum
961 1588 1059 1656 fuisse
1090 1590 1239 1669 omnium,

207 1693 261 1774 qui
284 1698 358 1774 post
379 1690 537 1757 Alcimum
560 1692 592 1756 in
614 1693 718 1775 Lydia
740 1698 922 1774 regnarent,
944 1693 1012 1760 eius
1033 1693 1096 1758 uim
1119 1693 1147 1758 is
1170 1697 1240 1758 tan-

205 1803 273 1863 tum
296 1796 376 1861 satis
397 1795 569 1879 percipiet,
598 1796 653 1876 qui
682 1795 862 1862 meminerit
882 1796 1045 1862 Xanthum
1068 1795 1241 1860 tradidisse

205 1899 377 1966 memoriae
398 1897 523 1963 Alcimo
545 1906 699 1980 regnante
722 1916 853 1964 auream
877 1904 1040 1979 tamquam
1063 1897 1161 1965 fuisse
1176 1896 1241 1981 Ly-

206 2003 280 2068 diae
302 2006 442 2066 aetatem
466 1999 520 2083 (fr.
544 2000 617 2084 10);
647 2007 680 2066 et
702 2001 757 2081 qui
779 2003 867 2087 apud
888 2001 1053 2066 Nicolaum
1075 2000 1107 2064 in
1130 2001 1241 2069 eodem

205 2104 385 2185 fragmento
414 2101 529 2185 legerit
558 2102 763 2186 Sadyattem,
793 2103 910 2185 Oadyis
939 2102 1056 2183 filium,
1084 2102 1240 2184 originem

206 2208 333 2274 duxisse
362 2225 382 2271 a
411 2205 547 2290 Tylone,
578 2205 776 2272 nobilitatem
806 2207 911 2288 gentis
941 2205 1027 2272 illius
1056 2223 1117 2271 non
1147 2204 1243 2287 plane

204 2309 400 2377 intellexerit
421 2308 483 2374 nisi
505 2308 566 2374 loci
589 2307 800 2391 Lydiacorum
830 2309 859 2375 ei
889 2310 922 2379 in
945 2314 1081 2376 mentem
1110 2307 1243 2386 venerit,

204 2431 266 2497 qno
296 2411 526 2493 antiquissimis
555 2412 677 2494 Lydiae
717 2411 914 2494 temporibus
945 2412 1094 2494 Tylonem
1126 2410 1243 2476 vixisse

203 2515 366 2596 proditum
388 2517 460 2579 erat
482 2512 615 2596 (11.16).
659 2512 770 2595 Neque
792 2532 871 2581 casu
885 2513 1040 2580 accidisse
1055 2512 1242 2593 existimem,

204 2623 241 2684 ut
265 2618 400 2700 Ardynii
424 2616 521 2697 urbis,
544 2635 641 2700 quam
655 2616 804 2682 Nicolaus
826 2617 945 2682 ibidem
960 2616 1001 2684 ab
1017 2617 1156 2681 Arnosso
1171 2614 1244 2697 My-

205 2738 312 2786 sorum
336 2737 419 2801 rege,
446 2719 536 2785 cuius
559 2738 629 2785 curn
652 2717 718 2785 filia
741 2719 914 2801 Sadyattes
935 2718 1174 2785 matrimonium
1196 2718 1245 2782 in·

206 2825 253 2889 ire
274 2823 389 2904 vellet,
411 2822 443 2887 iu
465 2841 578 2903 campo
601 2822 748 2889 Thebaeo
777 2823 939 2890 conditam
970 2840 1039 2886 esse
1070 2819 1190 2904 refert,
1224 2839 1244 2884 a

206 2924 333 2992 Xantho
355 2925 388 2988 in
410 2924 548 2990 secundo
569 2924 783 3008 Lydiacorum
812 2923 894 2989 libro
924 2924 1043 2989 mentio
1071 2921 1159 2989 facta
1192 2921 1243 2988 sit.

206 3027 416 3106 Quamobrem
439 3046 510 3093 cum
533 3027 566 3091 in
588 3027 643 3092 illo
665 3026 791 3094 Nicolai
813 3025 991 3108 fragmento
1021 3026 1085 3092 duo
1107 3025 1169 3092 loci
1191 3043 1244 3092 oc-

207 3117 353 3205 currant,
381 3129 436 3213 qui
457 3135 534 3211 apte
555 3129 678 3212 percipi
700 3147 764 3195 non
786 3133 921 3212 possunt
951 3129 1013 3194 nisi
1035 3128 1075 3195 ab
1099 3128 1156 3211 iis,
1190 3128 1246 3210 qui

207 3236 249 3300 ad
275 3233 398 3298 Xanthi
423 3233 635 3315 Lydiacorum
657 3231 838 3314 fragmenta
859 3231 1031 3314 refugiunt,
1054 3250 1125 3297 cum
1148 3231 1245 3296 tertio

207 3339 276 3404 loco
298 3357 318 3402 a
340 3335 470 3403 Nicolao
491 3335 653 3401 renarrari
676 3335 846 3400 verisimile
876 3335 933 3416 sit,
965 3352 1047 3415 quae
1077 3337 1246 3398 antaeum

209 3460 229 3504 a
250 3440 378 3505 Xantho
410 3447 542 3503 narrata
569 3442 685 3519 essent,
708 3434 809 3520 patet,
830 3456 902 3503 mea
927 3437 1056 3518 quidem
1079 3434 1247 3517 sententia,

209 3547 312 3608 totum
334 3541 413 3608 illud
435 3541 650 3623 fragmentum
672 3539 905 3606 nobilissimum
928 3537 1084 3605 eXanthi
1098 3539 1248 3622 Lydiacis

209 3645 382 3726 effluxisse;
407 3662 542 3726 namque
564 3644 668 3710 tribus
686 3643 898 3729 Lydiacorum
922 3641 1069 3708 frustulis
1091 3641 1120 3708 ei
1142 3642 1248 3708 diuer-

209 3748 253 3814 sis
275 3748 352 3814 locis
373 3747 504 3812 inclusis
527 3747 767 3812 demonstratur
786 3745 894 3812 omnia
920 3743 977 3811 illa
999 3744 1101 3810 eidem
1124 3743 1247 3822 auctori

210 3869 280 3917 esse
301 3851 481 3917 tribuenda.

295 3955 365 4019 Iam
400 3971 476 4020 uero
509 3951 643 4018 ulterius
673 3951 826 4034 progredi
855 3951 930 4016 11111
970 3954 1003 4015 11
1029 3948 1094 4016 1111
1121 3946 1249 4012 Xantho

210 4058 346 4124 reddere
375 4055 566 4138 fragmenta.
625 4056 704 4121 Tam
740 4060 828 4122 arcte
859 4055 942 4120 enim
972 4072 1043 4121 curn
1071 4049 1249 4134 fragmento
1305 4045 1306 4048 ’

210 4160 252 4228 48
291 4160 459 4228 coniuncta
491 4164 567 4226 sunt
600 4177 682 4240 qnae
718 4157 751 4222 in
789 4156 977 4239 fragmentis
1010 4155 1069 4292 61,
1109 4153 1167 4235 62,
1208 4152 1250 4221 63

997 4266 1016 4320 2
