3120 4888
662 435 878 505 ..56-

253 608 307 692 qui
335 607 529 691 Babylonios
559 613 592 674 et
614 610 791 692 Aegyptios
822 606 907 674 κατὰ
934 605 972 674 τὸ
1003 598 1114 694 ὅρκιον
1144 606 1293 686 accirent,

253 730 386 793 quorum
419 713 459 776 de
489 712 678 777 commercio
701 729 771 778 curn
794 711 894 794 Lydis
924 715 1021 776 antea
1048 710 1126 775 nihil
1157 711 1291 775 relatum

254 815 363 880 esset?
406 814 509 892 Quam
539 833 605 879 rem
634 815 680 881 sic
701 820 828 880 tantum
851 813 1000 895 expedire
1023 814 1128 896 potuit
1149 813 1293 878 Herodo-

253 921 316 996 ωε,
338 919 374 982 ut
396 934 480 982 nunc
503 916 592 981 uncis
615 917 739 983 incluso
761 922 955 999 apponeret,
985 933 1067 998 quae
1101 933 1200 997 supra
1221 913 1294 978 red·

254 1019 331 1083 dere
354 1017 501 1098 debebat,
522 1017 653 1084 foedera
675 1019 838 1101 pepigisse
861 1018 1012 1084 Croesum
1036 1035 1106 1082 cum
1128 1018 1293 1099 Labyneto

255 1119 502 1202 Babyloniorum
525 1126 649 1188 etcum
672 1121 782 1186 Amasi
799 1121 1027 1204 Aegyptiorum
1049 1138 1135 1201 rege.
1178 1118 1294 1185 Nescio

256 1223 402 1304 equidem
432 1240 487 1287 cur
514 1241 577 1288 non
608 1221 704 1288 etiam
734 1224 795 1289 hoc
823 1223 893 1288 loco
925 1223 1008 1289 sicut
1031 1241 1130 1305 supra
1152 1221 1296 1286 omiserit

255 1325 440 1390 memoriam
462 1343 572 1390 earum
595 1325 795 1406 societatum,
817 1343 899 1407 quae
923 1326 963 1390 ad
986 1343 1052 1390 rem
1075 1323 1184 1390 Croesi
1206 1321 1296 1387 adiu-

255 1429 393 1493 vandam
415 1427 495 1494 nihil
517 1427 685 1510 valebant,
717 1428 778 1494 nisi
801 1429 881 1494 adeo
904 1432 1065 1493 auctorem
1089 1444 1181 1492 suum
1205 1442 1295 1490 secu-

256 1535 309 1595 tus
333 1549 406 1595 esse
429 1530 577 1611 creditur,
600 1535 636 1595 ut
658 1531 773 1612 omnia,
795 1549 877 1612 quae
900 1549 919 1596 a
941 1532 1102 1612 Lydorum
1124 1547 1200 1610 rege
1221 1530 1298 1609 post

256 1633 343 1696 illam
373 1650 514 1713 pugnam
546 1638 640 1714 gesta
677 1652 750 1700 esse
780 1635 919 1714 legerat,
958 1637 1108 1699 accurate
1143 1631 1296 1696 traderet.

257 1735 380 1815 ltaque,
402 1752 485 1815 quae
507 1734 550 1800 ibi
573 1741 764 1818 narrantur,
787 1736 986 1801 Herodotum
1008 1755 1026 1800 e
1048 1735 1170 1816 scripto
1192 1732 1298 1815 Lydo-

257 1855 327 1901 rum
349 1836 485 1902 bistoria
505 1837 639 1918 petiisse
662 1838 854 1919 existimem,
883 1838 972 1902 cuius
995 1844 1123 1917 auctor,
1153 1854 1224 1902 oum
1245 1853 1299 1899 ra-

257 1937 346 2004 tione
368 1943 401 2003 et
422 1937 475 2003 via
498 1944 530 2004 et
552 1957 614 2004 non
638 1959 726 2006 more
747 1940 931 2006 Herodoteo
954 1941 1157 2021 procederet,
1187 1937 1299 2005 Croesi

257 2039 389 2106 foedera
410 2047 447 2106 ut
469 2042 639 2108 notissima
667 2060 915 2108 commemorare
936 2049 1058 2123 posset.
1107 2041 1155 2106 Ex
1186 2039 1298 2104 eodem

258 2143 346 2208 ionte
369 2143 439 2209 sine
461 2144 558 2209 dubio
582 2145 704 2210 effluxit
725 2165 853 2228 pugnae
877 2150 952 2210 anta
968 2143 1086 2209 Sardes
1108 2141 1298 2208 commissae

260 2245 433 2327 descriptio
449 2245 705 2328 diligentissima,
728 2266 809 2329 quae
824 2248 915 2330 Lydo
931 2245 1053 2312 auctori
1075 2262 1146 2310 cum
1166 2248 1300 2327 propter

259 2348 372 2412 laudes
396 2349 534 2430 virtutis,
556 2367 620 2430 qua
642 2349 706 2415 illis
730 2349 925 2432 temporibus
949 2367 1026 2430 gens
1049 2349 1209 2430 Lydorum
1232 2345 1300 2410 lue·

259 2451 311 2529 rit,
333 2455 401 2514 tum
424 2457 596 2533 propterea
617 2452 788 2518 tribuenda
804 2458 863 2533 est,
884 2453 970 2534 quod
991 2456 1161 2533 tamquam·
1176 2467 1230 2514 res
1251 2449 1300 2512 in-

260 2552 370 2618 audita
393 2551 516 2619 Graeco
538 2553 650 2620 lectori
673 2555 746 2637 Cyri
774 2555 898 2620 consilii
927 2553 1106 2636 explicandi
1129 2570 1227 2617 causa
1249 2569 1299 2615 re-

260 2654 377 2720 fertur:
410 2649 556 2742 κάμηλον
578 2657 687 2734 ἵππος
710 2659 863 2743 φοβεῖται
891 2655 948 2722 καὶ
978 2650 1036 2720 οὐκ
1058 2649 1205 2736 ἀνέχεται
1226 2648 1300 2718 οὔτε

261 2754 319 2846 τὴν
343 2753 431 2845 ἰδέην
452 2751 551 2824 αὐτοῦ
581 2754 682 2842 ὁρέων
712 2753 784 2823 οὔτε
814 2756 871 2847 τὴν
902 2752 1003 2846 ὀδμὴν
1033 2751 1299 2844 ὀσφραινόμενος,

263 2862 348 2943 quod
372 2880 409 2926 eo
432 2861 562 2927 maioris
585 2862 737 2928 momenti
761 2866 820 2941 est,
843 2880 905 2943 quo
927 2863 1032 2927 minus
1055 2867 1122 2926 tum
1145 2864 1178 2924 et
1200 2859 1301 2924 Grae-

263 2962 308 3027 cis
332 2967 365 3026 et
385 2962 449 3044 ipsi
472 2963 635 3030 Herodoto
667 2963 779 3029 cameli
801 2963 901 3029 facies
933 2970 964 3029 et
995 2969 1112 3029 nutura
1133 2965 1225 3029 erant
1246 2978 1302 3025 no·

262 3069 316 3128 tae
348 3063 399 3143 (cf.
427 3065 491 3147 ΙΙΙ,
522 3067 584 3132 102
614 3067 685 3152 sq.).
736 3067 811 3130 Mea
832 3065 959 3147 quidem
983 3066 1145 3132 sententia
1166 3101 1207 3112 —
1230 3081 1302 3128 cum

263 3167 347 3232 inter
369 3185 479 3232 omnes
502 3174 640 3249 constet,
670 3167 834 3234 Pisistrati
855 3187 960 3234 rerum
984 3175 1016 3234 et
1037 3175 1215 3251 temporum
1238 3183 1303 3229 me-

264 3269 396 3335 moriam
419 3270 555 3336 Athenis
580 3273 645 3336 iam
667 3270 825 3336 Herodoti
854 3276 961 3337 aetate
983 3272 1077 3338 valde
1099 3270 1303 3337 obscuratam

263 3371 364 3437 inisse
385 3409 427 3419 —
449 3371 518 3438 fieri
540 3391 603 3437 non
625 3378 734 3454 potest
755 3379 791 3438 ut
813 3378 992 3438 statuamus
1015 3373 1170 3438 Herodoti
1193 3389 1304 3437 narra·

264 3474 383 3540 tionem
405 3476 447 3539 de
469 3473 552 3540 bello
575 3493 595 3539 a
617 3474 744 3557 Croeso,
766 3475 929 3542 Pisistrati
952 3477 1094 3560 aequali,
1128 3494 1198 3541 cum
1221 3474 1304 3556 Cyro

266 3582 358 3659 gesto
381 3582 447 3641 tam
471 3577 672 3658 distinctam,
700 3596 782 3660 quae
804 3579 924 3660 optime
945 3578 1090 3644 veritatis
1117 3577 1214 3644 fidem
1237 3596 1305 3642 ser-

266 3679 362 3760 vavit,
383 3698 441 3761 per
462 3685 588 3744 centum
612 3697 712 3746 annos
734 3681 890 3747 communi
913 3683 1075 3764 Lydorum
1096 3680 1183 3746 fama
1204 3679 1305 3745 fuisse

266 3787 448 3848 tractatam.
493 3782 587 3859 Quod
609 3801 647 3847 eo
663 3783 759 3848 etiam
774 3783 970 3866 probabilius
986 3783 1081 3850 debet
1095 3784 1206 3864 rideri,
1229 3783 1305 3864 quia

265 3887 298 3950 in
321 3886 361 3950 iis
384 3902 466 3966 quae
489 3885 528 3951 de
551 3885 625 3968 Cyri
647 3886 778 3952 consilio
800 3885 909 3952 Croesi
933 3887 1134 3952 comburendi
1157 3891 1221 3968 (cp.
1239 3885 1306 3969 86),

268 3990 308 4053 de
330 3987 528 4054 sermonibus
550 4007 661 4070 regum
684 3991 746 4071 (cp.
762 3991 910 4071 86—90),
932 3992 973 4055 de
989 3989 1147 4070 Apollinis
1171 3987 1305 4070 aLydis

202 4123 204 4127 v
267 4091 454 4174 interrogati
476 4109 631 4174 responso
654 4091 694 4157 ab
716 4092 880 4158 Herodoto
903 4096 1093 4172 narrantur,
1126 4091 1306 4158 fabularum
