3120 4888
730 511 944 581 -20-

319 683 482 752 derebus
512 684 750 750 aMermnadis
781 685 882 768 gestis
913 683 1112 764 referuntur,
1143 688 1209 751 tam
1241 688 1354 769 aperta

234 785 237 790 ’
320 787 461 856 eiusdem
502 785 642 854 auctoris
680 787 817 868 vestigia
851 787 883 851 in
918 785 958 852 iis
990 785 1209 871 inveniuntur,
1247 794 1284 853 ut
1316 807 1354 854 ea

320 891 470 956 dirimere
500 895 533 957 et
564 889 620 955 alii
651 889 753 956 cuiuis
784 888 933 954 addicere
966 889 1113 972 scriptori
1145 907 1354 972 nequeamus3

320 994 372 1060 cui
394 993 473 1059 illud
506 992 557 1073 (fr.
578 992 633 1071 48)
664 1011 682 1057 e
704 992 825 1057 Xanthi
848 991 998 1074 Lydiacis
1024 992 1160 1073 petitum
1190 1010 1259 1058 esse
1280 1011 1353 1075 per·

319 1115 447 1163 suasum
476 1100 536 1178 est,
566 1095 594 1162 is
616 1094 766 1161 dubitare
797 1111 857 1159 non
886 1098 1008 1176 potest,
1039 1094 1114 1176 quin
1147 1093 1226 1160 haec
1255 1097 1352 1161 etiam

319 1198 500 1282 fragmenta
531 1197 605 1282 (61,
636 1197 696 1278 62,
727 1197 781 1281 63)
812 1215 849 1262 ex
879 1197 990 1261 eodem
1018 1195 1106 1262 fonte
1134 1198 1252 1265 hausta
1281 1197 1354 1264 sint.

320 1303 442 1382 Quibus
463 1320 546 1386 quae
567 1301 769 1368 continentur
791 1300 988 1394 narrationes
1018 1299 1104 1364 baud
1137 1300 1184 1365 ita
1205 1318 1353 1382 magnam

318 1403 438 1471 habent
474 1404 654 1472 ubertatem
692 1403 861 1469 verborum
898 1411 932 1467 et
969 1401 1155 1469 varietatem
1194 1403 1353 1485 dictionis,

319 1513 394 1574 sunt
432 1525 509 1573 vero
541 1511 632 1573 tanta
669 1506 701 1571 in
730 1504 824 1572 rebus
856 1505 1025 1570 narrandis
1054 1505 1224 1589 diligentia
1253 1513 1286 1572 et
1315 1525 1353 1572 ea

319 1616 499 1694 temporum
520 1615 554 1676 et
568 1611 708 1676 locorum
731 1607 856 1690 notitia,
878 1616 915 1673 ut
937 1607 976 1673 iis
998 1607 1077 1690 ipsis
1099 1627 1240 1674 summae
1261 1627 1354 1691 prae-

318 1714 457 1780 stantiae
479 1712 675 1795 argumentis
698 1711 793 1778 iunisi
821 1710 882 1776 viri
904 1711 1080 1777 doctissimi
1103 1711 1190 1777 Stein
1203 1715 1247 1792 ¹),
1279 1712 1353 1778 Gol-

318 1819 415 1899 ner¹)
446 1815 590 1898 Floigl⁸)
618 1815 812 1894 emicarent,
845 1813 1008 1879 Xanthum
1039 1833 1148 1880 earum
1179 1833 1249 1881 esse
1278 1834 1353 1882 auc-

318 1914 596 2001 torem‚'Dionysii
617 1916 907 1984 Halicamassensis
929 1935 1083 1982 memores
1110 1917 1235 1984 iudicii:
1266 1914 1353 1990 Ξάν-

317 2023 384 2096 θος
405 2017 443 2085 δὲ
465 2014 615 2097 ὁΛοδὸς
630 2014 777 2106 ίστορίας
792 2016 948 2098 παλαιᾶς,
970 2013 1000 2083 εί
1022 2012 1079 2083 καί
1099 2041 1150 2096 τις
1171 2012 1272 2097 ἄλλος
1293 2015 1353 2105 ἔμ-

318 2145 434 2210 πειρος
455 2115 515 2204 ίιίν,
542 2125 599 2211 τῆς
628 2119 666 2188 δὲ
686 2117 828 2206 πατρίου
858 2118 916 2185 καί
942 2118 1123 2208 βεβαιωτὴς
1153 2115 1194 2186 ib
1222 2115 1354 2200 οὐδενός

316 2219 553 2313 ὑποδεέστερος
580 2226 723 2310 (Antiqq.
745 2225 834 2290 Rom.
856 2224 889 2303 I,
918 2225 984 2306 28).
1014 2261 1058 2272 -
1086 2225 1235 2308 Magnam
1257 2224 1352 2292 fidem

317 2328 495 2395 habendam
518 2347 587 2395 esse
609 2327 777 2404 memoriis,
799 2345 879 2408 quas
902 2328 942 2394 de
963 2327 1122 2409 Lydorum
1146 2328 1275 2411 regibus
1297 2328 1355 2394 Ni·

319 2432 426 2498 colaus
449 2433 566 2514 tradit,
596 2450 667 2498 cum
690 2431 806 2497 summi
828 2429 890 2497 viri
911 2435 1094 2497 statuerunt
1106 2432 1154 2511 ⁴),
1187 2437 1255 2497 tum
1277 2431 1355 2514 ipsis

317 2533 473 2618 probatur
494 2533 691 2616 fragmentis.
743 2533 817 2616 Ipse
849 2533 933 2599 enim
956 2531 1107 2599 Nicolaus
1128 2552 1185 2600 seu
1206 2533 1353 2600 Xanthus

317 2655 352 2703 se
374 2655 486 2719 regum
508 2637 680 2718 Lydiorum
703 2637 915 2702 monumentis
938 2635 988 2700 vel
1010 2642 1179 2701 stemmate
1200 2635 1232 2700 in
1255 2635 1351 2700 bisto-

317 2739 373 2805 riis
389 2740 560 2806 condendis
574 2757 668 2806 usum
688 2757 759 2805 esse
773 2736 951 2821 profitetur,
974 2743 1144 2821 postquam
1159 2740 1200 2804 de
1215 2739 1354 2820 Sperne,

317 2843 478 2924 Lydorum
499 2848 653 2924 tyranno,
674 2840 826 2908 nonnulla
846 2841 997 2922 protulit,
1029 2841 1079 2906 bis
1100 2841 1206 2908 verbis
1239 2839 1290 2921 (fr.
1311 2841 1354 2907 48

317 2963 348 3026 p.
370 2944 443 3024 30):
475 2941 631 3031 Σπέρμης
659 2941 720 3029 μὲν
753 2939 855 3020 οὕτως
878 2939 1061 3028 ἐτελεύτησε
1081 2938 1278 3027 βασιλεύσας
1299 2937 1355 3027 ἔτη

318 3040 398 3111 δύο·
421 3043 456 3110 ἐν
477 3045 515 3112 δὲ
536 3049 609 3125 τοῖς
629 3043 813 3130 βασιλείοις
834 3039 893 3110 οὐκ
914 3039 1148 3132 ἇναγροίφεται.
1171 3083 1213 3094 -
1236 3046 1354 3125 Quales

317 3148 418 3232 igitur
439 3149 559 3214 Romae
581 3158 674 3217 erant
695 3149 769 3215 libri
790 3147 945 3231 pontificii
966 3154 1001 3214 et
1022 3148 1152 3215 annales
1174 3147 1206 3213 in
1230 3148 1355 3215 Cereris

318 3252 438 3334 templo
460 3252 493 3318 in
515 3251 583 3317 foro
605 3253 714 3319 boario
726 3253 772 3332 6),
801 3251 882 3317 tales
910 3250 1008 3317 fuisse
1029 3251 1179 3317 videntur
1201 3250 1355 3318 Sardibus

318 3353 448 3420 tabulae
469 3373 580 3437 regum
602 3355 796 3437 Lydiorum‚
824 3355 857 3420 in
880 3355 996 3437 quibus
1018 3354 1094 3421 anni
1115 3373 1226 3437 regum
1248 3361 1281 3420 et
1302 3371 1355 3418 res

407 3582 439 3657 1)
461 3581 497 3639 ad
519 3581 631 3641 Herod.
654 3582 680 3656 Ι,
704 3585 732 3642 8.

404 3666 436 3745 2)
459 3667 566 3727 Rhein.
591 3669 726 3728 Muscam
749 3666 872 3726 XXXV
910 3669 1004 3726 1880:
1036 3667 1117 3741 „Das
1139 3665 1281 3729 Zeitalter
1303 3670 1354 3727 des

318 3752 445 3832 Gyges“,
468 3753 652 3813 continuatio
673 3774 704 3830 p.
728 3756 884 3826 alo-28,
907 3772 936 3828 p.
961 3756 1032 3812 514.

405 3837 437 3916 8)
459 3837 575 3914 Floigl:
597 3839 691 3917 Cyrus
713 3859 742 3897 u.
764 3839 900 3897 Herodot
921 3858 950 3914 p.
976 3842 1047 3901 134.

403 3923 437 4002 4)
460 3924 583 3984 Gclzcr:
611 3923 940 3985 anatomiam
964 3924 1044 3984 1875
1076 3943 1106 4000 p.
1130 3926 1207 4000 243,
1237 3925 1355 4002 Floigl:

318 4008 337 4069 l.
360 4009 381 4071 l.
404 4029 433 4085 p.
459 4013 614 4083 184-88,
637 4010 674 4069 cf.
696 4014 759 4069 not.
783 4030 813 4086 p.
841 4009 908 4073 127.

405 4096 437 4173 5)
460 4095 497 4156 cf.
519 4095 708 4172 Schwegler:
730 4096 815 4156 Rom.
838 4095 943 4156 Gesch.
966 4095 984 4153 I
1004 4111 1033 4170 p.
1051 4098 1087 4152 31
1114 4113 1189 4180 sqq„
1212 4098 1352 4161 Nitzsch:

318 4181 403 4242 Rom.
424 4181 599 4243 Annalistik
621 4202 652 4262 p.
674 4186 736 4242 208
760 4201 805 4263 sq.
