3120 4888
672 467 884 536 ..11-

262 645 328 704 tem
353 635 603 704 Alexandrinum
618 641 646 720 ¹)
668 638 738 720 loci,
759 640 875 722 quibus
898 638 1065 706 historicos
1081 640 1219 708 Graecos
1240 660 1295 706 an·

261 739 458 824 tiquissimos
480 742 623 808 carmina
644 742 735 825 opica
764 743 796 808 in
825 743 1006 826 pedestrem
1029 743 1204 810 transferre
1225 763 1296 810 ora-

263 844 380 910 tionem
403 845 603 914 consuevisse
626 845 829 910 traditur-
861 846 981 913 iactum
1003 852 1055 912 eat
1077 847 1188 928 utqui
1211 866 1296 913 sum-

262 947 373 1013 matim
396 947 437 1012 de
458 947 724 1030 logographorum
747 949 905 1015 scribendi
935 955 1006 1016 arte
1032 955 1065 1016 et
1088 951 1209 1016 ratione
1232 949 1297 1016 dis·

262 1057 424 1132 putavere,
446 1054 653 1128 censereut²)
683 1070 738 1118 eos
770 1052 855 1118 omui
884 1060 955 1118 arte
988 1054 1102 1120 critica
1134 1059 1168 1118 et
1188 1051 1297 1136 lepore

263 1153 294 1218 in
310 1153 444 1218 diceudo
460 1160 590 1236 egentes
612 1153 680 1220 sive
702 1153 770 1220 siue
796 1155 869 1222 ullis
884 1155 1078 1222 ornamentis
1095 1164 1297 1224 monumenta

262 1262 439 1339 temporum
462 1254 642 1321 condidisse
670 1256 737 1322 sive
767 1277 818 1324 res
848 1259 1018 1324 memoriae
1048 1259 1228 1340 prodidisse
1249 1258 1296 1324 fa·

261 1359 355 1426 bulas
376 1356 542 1442 propiores
571 1378 666 1441 quam
688 1359 850 1427 historiae.
901 1361 1014 1428 Fuisse
1046 1361 1145 1444 igitur
1167 1362 1294 1445 multos,

262 1463 317 1546 qui
347 1461 429 1526 tales
460 1468 608 1528 auctores
629 1463 792 1529 Herodoto
815 1464 956 1544 „Musis“
979 1464 1214 1531 conscribendis
1236 1484 1296 1530 non

263 1565 400 1630 multum
417 1564 570 1630 materiae
585 1566 739 1648 praebere
763 1568 906 1648 potuisse
924 1567 1151 1647 existimarent,
1173 1587 1232 1634 uon
1249 1576 1299 1634 est

264 1687 320 1734 cur
342 1668 508 1747 miremur3
532 1665 638 1734 mmen
661 1669 735 1735 uide
757 1675 910 1752 quantum
934 1670 974 1736 ab
990 1671 1075 1736 omui
1090 1671 1298 1738 similitudine

263 1773 329 1837 veri
351 1771 481 1836 recedat
510 1778 653 1838 statuere
683 1772 715 1837 in
744 1773 814 1854 ipso
836 1774 1000 1840 Herodoto
1030 1772 1173 1840 adultam
1195 1793 1298 1858 paene

261 1874 448 1956 apparuisse
470 1874 656 1954 historiam,
686 1893 756 1942 cum
785 1895 994 1959 unaquaeque
1025 1894 1078 1942 ars
1106 1877 1297 1944 atenuibus

260 1995 372 2043 exorsa
401 1975 504 2042 initiis
525 1977 694 2059 paullatim
726 1981 864 2046 crevisse
892 1980 932 2052 ab
966 1980 1110 2045 omuibus
1140 1980 1297 2046 credatur.

263 2081 354 2146 Hanc
376 2080 476 2162 igitur
497 2081 538 2145 de
560 2080 765 2165 logographis
787 2081 976 2148 sententiam
993 2085 1196 2149 resecandam
1219 2102 1298 2167 pau·

262 2184 328 2250 lum
358 2202 428 2250 esse
458 2201 528 2248 cum
556 2201 615 2266 per
645 2203 679 2249 se
709 2190 818 2268 patet,
851 2191 918 2251 tum
958 2205 979 2252 a
1009 2185 1099 2251 nobis
1131 2185 1297 2270 uuicuique

260 2286 459 2370 probabitur,
482 2287 532 2353 cui
554 2286 717 2353 nobiscum
740 2288 861 2355 Xanthi
890 2288 1071 2370 fragmenta
1102 2289 1298 2371 permigrare

261 2389 400 2456 libuerit.

261 2608 317 2696 μολρ
339 2607 360 2692 ἡ
381 2608 520 2692 ποιητικὴ
539 2607 706 2691 κατασκευὴ
728 2617 882 2694 παρῆλθεν
905 2613 946 2686 εἰς
967 2609 1001 2676 cd
1024 2613 1115 2692 μέσον
1137 2612 1188 2676 καλ
1211 2611 1296 2677 edbo-

262 2702 392 2778 κλμησεν.
437 2692 499 2760 εἶτα
521 2698 636 2778 ἐκείνην
658 2696 834 2778 μιμούμενοι
857 2695 997 2772 λύσαντες
1021 2697 1055 2762 cri
1078 2699 1186 2780 μέτρον
1208 2690 1297 2761 τᾶλλα

262 2783 294 2847 δὲ
316 2783 498 2862 φυλάξαντες
518 2779 554 2844 cri
576 2780 717 2862 ποιητικαὶ
741 2785 931 2868 συνέγραψαν
953 2786 986 2848 οἱ
1005 2785 1072 2868 περὶ
1099 2784 1224 2865 Κάδμον
1246 2784 1295 2846 καὶ

266 2868 509 2950 dispositumst
530 2865 692 2932 Ἑκαταῖον.

352 2958 381 3038 1)
403 2959 493 3020 (llam.
515 2959 564 3021 sl.
588 2960 693 3019 Strom.
718 2959 761 3020 VI
783 2979 812 3034 p.
838 2963 899 3018 629
923 2963 958 3019 Α.
980 2953 1017 3016 τοὶ
1038 2951 1175 3019 Ἡσιόδου
1198 2953 1298 3036 patrii·

261 3043 350 3116 λαξαν
371 3041 413 3114 εἰς
435 3038 521 3116 πεζὸν
543 3036 632 3121 λόγον
663 3041 712 3104 καὶ
736 3036 777 3113 οἱς
807 3041 869 3102 l'dru
892 3037 1051 3123 ἐξήνεγκαν
1074 3038 1217 3122 Εὔμηλος
1246 3042 1295 3106 καλ

260 3123 450 3200 Ἀκουσίλαος
465 3124 699 3208 ἱστοριογράφον.
744 3131 812 3190 Non
827 3150 948 3206 prorsus
965 3132 1045 3192 iuter
1059 3152 1091 3192 sc
1107 3133 1298 3192 consentiunt

264 3223 380 3278 vetares
403 3218 439 3275 de
461 3216 665 3292 logographis;
696 3217 817 3276 obstant
838 3215 885 3275 his
908 3217 1062 3277 Strabonis
1085 3224 1115 3277 et
1137 3218 1297 3278 Clementis

261 3302 432 3362 testimonia
453 3303 542 3362 Dion.
565 3301 661 3361 Halia.
693 3304 729 3361 de
751 3302 842 3361 Thuc.
864 3301 926 3363 iud.
956 3323 1002 3378 cp.
1027 3309 1055 3376 5,
1079 3303 1115 3376 7,
1146 3303 1297 3364 Ciceronis

266 3391 302 3448 dc
325 3395 442 3448 oratore
463 3388 498 3447 11
524 3391 561 3446 la
583 3387 603 3465 §
626 3392 675 3447 51.

349 3474 380 3552 2)
403 3475 547 3534 Oreuzer:
569 3473 618 3534 die
640 3472 743 3534 histor.
760 3476 858 3533 Kunst
881 3475 908 3533 d.
925 3473 1043 3533 Griach.
1089 3475 1141 3532 Ed.
1157 3475 1191 3533 11
1213 3474 1296 3550 Lips.

266 3562 360 3632 18453
383 3560 563 3619 Hiillmann:
580 3560 719 3634 Auiduge
735 3561 787 3618 der
799 3559 908 3634 griech.
923 3559 1296 3635 Geschichtssohreibung;

262 3646 452 3705 Griechische
484 3645 801 3720 Dcukwiirdigheiten.
853 3647 938 3705 Bonn
974 3649 1054 3704 1840
1086 3666 1115 3722 p.
1144 3651 1199 3706 148
1230 3666 1296 3726 sqq.

260 3731 369 3792 Uirioi:
401 3730 638 3790 (lharahteristih
671 3732 699 3791 d.
715 3732 851 3796 ¹tantilem
882 3731 1152 3807 Historiographie.
1201 3731 1296 3793 Berol.

264 3822 355 3876 1888.
401 3816 545 3878 Miohael:
569 3816 605 3874 de
619 3814 818 3892 logographis,
843 3817 894 3897 qui
911 3817 1058 3890 dicuntur,
1081 3817 1297 3897 antiquissimis

137 3881 138 3884 Ἴ
260 3903 439 3962 Graecorum
469 3901 628 3962 historicis.
679 3903 849 3978 Programm
881 3903 979 3962 Zittau
1012 3906 1104 3964 1855.
1157 3903 1296 3964 Oblocuti

260 3995 346 4051 sunt:
370 3987 555 4048 Dahlmaun:
577 3987 713 4046 Herodot
727 4006 780 4047 aus
795 3987 868 4049 sein.
885 3989 967 4047 Buch
981 3989 1046 4047 scin
1062 3989 1164 4048 Leben
1186 4007 1215 4066 p.
1237 3993 1294 4049 108

261 4095 335 4156 sqq,
373 4075 495 4148 Rogge:
517 4073 565 4132 die
587 4073 774 4148 Logograph.
797 4093 825 4130 u.
849 4075 991 4133 Herodot.
1038 4074 1145 4138 Prata:
1166 4074 1296 4142 litterar·

260 4162 365 4229 histor·
389 4159 603 4228 Taschenbuch
629 4158 707 4225 1847
732 4163 788 4229 etc,
