<?xml version="1.0" encoding="UTF-8"?>
<!DOCTYPE html PUBLIC "-//W3C//DTD XHTML 1.0 Transitional//EN"
    "http://www.w3.org/TR/xhtml1/DTD/xhtml1-transitional.dtd">
<html xmlns="http://www.w3.org/1999/xhtml" xml:lang="en" lang="en">
 <head>
  <title>
</title>
<meta http-equiv="Content-Type" content="text/html;charset=utf-8" />
  <meta name='ocr-system' content='tesseract 3.04.00' />
  <meta name='ocr-capabilities' content='ocr_page ocr_carea ocr_par ocr_line ocrx_word'/>
</head>
<body>
  <div class='ocr_page' id='page_1' title='image "./dexanthoetherod00pomtgoog_0009.png"; bbox 0 0 3120 4888; ppageno 0'>
   <div class='ocr_carea' id='block_1_1' title="bbox 733 500 956 576">
    <p class='ocr_par' dir='ltr' id='par_1_1' title="bbox 651 467 956 576">
     <span class='ocr_line' id='line_1_1' title="bbox 733 500 956 576; baseline 0 -104"><span class='ocrx_word' id='word_1_1' title='bbox 733 500 956 576; x_wconf 72' lang='lat'><strong>-2-&#39;</strong></span> 
     </span>
    </p>
   </div>
   <div class='ocr_carea' id='block_1_2' title="bbox 311 678 1420 1485">
    <p class='ocr_par' dir='ltr' id='par_1_2' title="bbox 311 678 1420 1485">
     <span class='ocr_line' id='line_1_2' title="bbox 314 678 1346 756; baseline 0.011 -11"><span class='ocrx_word' id='word_1_2' title='bbox 314 678 380 747; x_wconf 84' lang='lat' dir='ltr'><strong>tiro</strong></span> <span class='ocrx_word' id='word_1_3' title='bbox 403 679 532 746; x_wconf 83' lang='lat' dir='ltr'><strong>habitus</strong></span> <span class='ocrx_word' id='word_1_4' title='bbox 555 681 598 745; x_wconf 92' lang='lat' dir='ltr'><strong>sit</strong></span> <span class='ocrx_word' id='word_1_5' title='bbox 620 698 725 747; x_wconf 86' lang='lat' dir='ltr'><strong>neone.</strong></span> <span class='ocrx_word' id='word_1_6' title='bbox 769 681 891 748; x_wconf 83' lang='lat' dir='ltr'>Deinde</span> <span class='ocrx_word' id='word_1_7' title='bbox 913 687 1057 749; x_wconf 85' lang='lat' dir='ltr'><strong>veterum</strong></span> <span class='ocrx_word' id='word_1_8' title='bbox 1081 689 1114 750; x_wconf 93' lang='lat' dir='ltr'><strong>et</strong></span> <span class='ocrx_word' id='word_1_9' title='bbox 1136 689 1346 756; x_wconf 82' lang='lat' dir='ltr'><strong>recentiorum</strong></span> 
     </span>
     <span class='ocr_line' id='line_1_3' title="bbox 314 783 1420 873; baseline 0.011 -25"><span class='ocrx_word' id='word_1_10' title='bbox 314 784 355 849; x_wconf 95' lang='lat' dir='ltr'><strong>de</strong></span> <span class='ocrx_word' id='word_1_11' title='bbox 377 783 499 849; x_wconf 77' lang='lat' dir='ltr'>Xanthi</span> <span class='ocrx_word' id='word_1_12' title='bbox 525 783 674 866; x_wconf 80' lang='lat' dir='ltr'><strong>Lydiaeis</strong></span> <span class='ocrx_word' id='word_1_13' title='bbox 702 785 868 851; x_wconf 80' lang='lat' dir='ltr'><strong>sententiis</strong></span> <span class='ocrx_word' id='word_1_14' title='bbox 896 787 1029 868; x_wconf 87' lang='lat' dir='ltr'><strong>prolatis</strong></span> <span class='ocrx_word' id='word_1_15' title='bbox 1059 787 1262 873; x_wconf 88' lang='lat' dir='ltr'><strong>reliquiisque</strong></span> <span class='ocrx_word' id='word_1_16' title='bbox 1294 811 1346 856; x_wconf 93' lang='lat' dir='ltr'><strong>eo·</strong></span> <span class='ocrx_word' id='word_1_17' title='bbox 1418 860 1420 862; x_wconf 75' lang='grc'>,</span> 
     </span>
     <span class='ocr_line' id='line_1_4' title="bbox 314 886 1345 973; baseline 0.009 -22"><span class='ocrx_word' id='word_1_18' title='bbox 314 905 385 952; x_wconf 91' lang='lat' dir='ltr'><strong>rum</strong></span> <span class='ocrx_word' id='word_1_19' title='bbox 408 886 599 953; x_wconf 82' lang='lat' dir='ltr'><strong>examinatis</strong></span> <span class='ocrx_word' id='word_1_20' title='bbox 621 887 698 969; x_wconf 91' lang='lat' dir='ltr'><strong>quid</strong></span> <span class='ocrx_word' id='word_1_21' title='bbox 721 889 761 954; x_wconf 93' lang='lat' dir='ltr'><strong>de</strong></span> <span class='ocrx_word' id='word_1_22' title='bbox 791 887 858 954; x_wconf 93' lang='lat' dir='ltr'><strong>eius</strong></span> <span class='ocrx_word' id='word_1_23' title='bbox 880 888 953 955; x_wconf 88' lang='lat' dir='ltr'><strong>libri</strong></span> <span class='ocrx_word' id='word_1_24' title='bbox 977 896 1163 973; x_wconf 82' lang='lat' dir='ltr'><strong>argumento</strong></span> <span class='ocrx_word' id='word_1_25' title='bbox 1185 899 1218 958; x_wconf 89' lang='lat' dir='ltr'><strong>et</strong></span> <span class='ocrx_word' id='word_1_26' title='bbox 1239 895 1345 960; x_wconf 91' lang='lat' dir='ltr'><strong>indole</strong></span> 
     </span>
     <span class='ocr_line' id='line_1_5' title="bbox 312 989 1345 1079; baseline 0.007 -23"><span class='ocrx_word' id='word_1_27' title='bbox 312 991 515 1056; x_wconf 86' lang='lat' dir='ltr'><strong>statuendum</strong></span> <span class='ocrx_word' id='word_1_28' title='bbox 537 989 596 1069; x_wconf 92' lang='lat' dir='ltr'><strong>sit,</strong></span> <span class='ocrx_word' id='word_1_29' title='bbox 628 1007 814 1072; x_wconf 80' lang='lat' dir='ltr'>cognoscere</span> <span class='ocrx_word' id='word_1_30' title='bbox 836 993 1028 1058; x_wconf 82' lang='lat' dir='ltr'>conabimur.</span> <span class='ocrx_word' id='word_1_31' title='bbox 1079 992 1243 1060; x_wconf 89' lang='lat' dir='ltr'><strong>Postremo</strong></span> <span class='ocrx_word' id='word_1_32' title='bbox 1265 1015 1345 1079; x_wconf 87' lang='lat' dir='ltr'><strong>quae</strong></span> 
     </span>
     <span class='ocr_line' id='line_1_6' title="bbox 312 1093 1345 1177; baseline 0.007 -19"><span class='ocrx_word' id='word_1_33' title='bbox 312 1093 352 1158; x_wconf 93' lang='lat' dir='ltr'><strong>de</strong></span> <span class='ocrx_word' id='word_1_34' title='bbox 374 1093 468 1159; x_wconf 89' lang='lat' dir='ltr'><strong>rebus</strong></span> <span class='ocrx_word' id='word_1_35' title='bbox 490 1112 511 1158; x_wconf 88' lang='lat' dir='ltr'><strong>a</strong></span> <span class='ocrx_word' id='word_1_36' title='bbox 531 1094 630 1176; x_wconf 86' lang='lat' dir='ltr'><strong>Lydis</strong></span> <span class='ocrx_word' id='word_1_37' title='bbox 653 1095 752 1175; x_wconf 82' lang='lat' dir='ltr'><strong>gestis</strong></span> <span class='ocrx_word' id='word_1_38' title='bbox 775 1095 814 1162; x_wconf 88' lang='lat' dir='ltr'><strong>ab</strong></span> <span class='ocrx_word' id='word_1_39' title='bbox 837 1100 973 1177; x_wconf 88' lang='lat' dir='ltr'><strong>utroque</strong></span> <span class='ocrx_word' id='word_1_40' title='bbox 999 1103 1127 1163; x_wconf 83' lang='lat' dir='ltr'><strong>auctore</strong></span> <span class='ocrx_word' id='word_1_41' title='bbox 1149 1103 1257 1164; x_wconf 89' lang='lat' dir='ltr'><strong>nostro</strong></span> <span class='ocrx_word' id='word_1_42' title='bbox 1279 1106 1345 1165; x_wconf 89' lang='lat' dir='ltr'><strong>tra·</strong></span> 
     </span>
     <span class='ocr_line' id='line_1_7' title="bbox 311 1197 1345 1284; baseline 0.005 -23"><span class='ocrx_word' id='word_1_43' title='bbox 311 1197 381 1262; x_wconf 83' lang='lat' dir='ltr'><strong>dite</strong></span> <span class='ocrx_word' id='word_1_44' title='bbox 403 1201 531 1262; x_wconf 85' lang='lat' dir='ltr'><strong>exstant</strong></span> <span class='ocrx_word' id='word_1_45' title='bbox 546 1216 764 1279; x_wconf 86' lang='lat' dir='ltr'><strong>comparemus</strong></span> <span class='ocrx_word' id='word_1_46' title='bbox 787 1201 984 1280; x_wconf 75' lang='lat' dir='ltr'><strong>oportetut</strong></span> <span class='ocrx_word' id='word_1_47' title='bbox 946 1199 1126 1280; x_wconf 84' lang='lat' dir='ltr'><strong>utintelleg</strong></span> <span class='ocrx_word' id='word_1_48' title='bbox 1107 1201 1231 1266; x_wconf 81' lang='grc' dir='ltr'><strong>σἰιιιιι</strong></span> <span class='ocrx_word' id='word_1_49' title='bbox 1222 1219 1253 1265; x_wconf 90' lang='grc' dir='ltr'><strong>ιο</strong></span> <span class='ocrx_word' id='word_1_50' title='bbox 1276 1204 1345 1284; x_wconf 90' lang='lat' dir='ltr'><strong>qui-</strong></span> 
     </span>
     <span class='ocr_line' id='line_1_8' title="bbox 312 1299 1343 1386; baseline 0.002 -20"><span class='ocrx_word' id='word_1_51' title='bbox 312 1299 372 1366; x_wconf 92' lang='lat' dir='ltr'><strong>bns</strong></span> <span class='ocrx_word' id='word_1_52' title='bbox 394 1299 576 1365; x_wconf 86' lang='lat' dir='ltr'><strong>Herodotus</strong></span> <span class='ocrx_word' id='word_1_53' title='bbox 605 1301 646 1366; x_wconf 86' lang='lat' dir='ltr'><strong>ad</strong></span> <span class='ocrx_word' id='word_1_54' title='bbox 668 1299 829 1366; x_wconf 78' lang='lat' dir='ltr'><strong>Xanthum</strong></span> <span class='ocrx_word' id='word_1_55' title='bbox 853 1302 1049 1383; x_wconf 80' lang='lat' dir='ltr'><strong>respexisse,</strong></span> <span class='ocrx_word' id='word_1_56' title='bbox 1079 1301 1112 1367; x_wconf 95' lang='lat' dir='ltr'><strong>in</strong></span> <span class='ocrx_word' id='word_1_57' title='bbox 1134 1303 1250 1386; x_wconf 90' lang='lat' dir='ltr'><strong>quihus</strong></span> <span class='ocrx_word' id='word_1_58' title='bbox 1273 1323 1343 1369; x_wconf 90' lang='lat' dir='ltr'><strong>enm</strong></span> 
     </span>
     <span class='ocr_line' id='line_1_9' title="bbox 311 1403 747 1485; baseline 0.005 -17"><span class='ocrx_word' id='word_1_59' title='bbox 311 1403 486 1485; x_wconf 83' lang='lat' dir='ltr'><strong>neglexisse</strong></span> <span class='ocrx_word' id='word_1_60' title='bbox 507 1403 552 1470; x_wconf 88' lang='lat' dir='ltr'><strong>sit</strong></span> <span class='ocrx_word' id='word_1_61' title='bbox 573 1403 747 1485; x_wconf 84' lang='lat' dir='ltr'><strong>putandus.</strong></span> 
     </span>
    </p>
   </div>
   <div class='ocr_carea' id='block_1_3' title="bbox 813 1661 904 1727">
    <p class='ocr_par' dir='ltr' id='par_1_3' title="bbox 813 1661 904 1727">
     <span class='ocr_line' id='line_1_10' title="bbox 813 1661 904 1727; baseline 0 -27"><span class='ocrx_word' id='word_1_62' title='bbox 813 1661 904 1727; x_wconf 55' lang='lat'><strong>[⁴</strong></span> 
     </span>
    </p>
   </div>
   <div class='ocr_carea' id='block_1_4' title="bbox 306 1813 1346 3127">
    <p class='ocr_par' dir='ltr' id='par_1_4' title="bbox 306 1813 1346 3127">
     <span class='ocr_line' id='line_1_11' title="bbox 398 1813 1344 1897; baseline 0.001 -18"><span class='ocrx_word' id='word_1_63' title='bbox 398 1813 554 1879; x_wconf 89' lang='lat' dir='ltr'><strong>Nitnntur</strong></span> <span class='ocrx_word' id='word_1_64' title='bbox 585 1813 701 1894; x_wconf 93' lang='lat' dir='ltr'><strong>qnihus</strong></span> <span class='ocrx_word' id='word_1_65' title='bbox 723 1813 876 1895; x_wconf 83' lang='lat' dir='ltr'><strong>reliquiae</strong></span> <span class='ocrx_word' id='word_1_66' title='bbox 905 1833 924 1880; x_wconf 92' lang='lat' dir='ltr'><strong>e</strong></span> <span class='ocrx_word' id='word_1_67' title='bbox 945 1813 1067 1879; x_wconf 88' lang='lat' dir='ltr'><strong>Xanthi</strong></span> <span class='ocrx_word' id='word_1_68' title='bbox 1088 1815 1237 1895; x_wconf 85' lang='lat' dir='ltr'><strong>Lydiaois</strong></span> <span class='ocrx_word' id='word_1_69' title='bbox 1258 1816 1344 1897; x_wconf 90' lang='lat' dir='ltr'><strong>apud</strong></span> 
     </span>
     <span class='ocr_line' id='line_1_12' title="bbox 310 1916 1344 1998; baseline 0.001 -16"><span class='ocrx_word' id='word_1_70' title='bbox 310 1922 435 1983; x_wconf 86' lang='lat' dir='ltr'><strong>veteres</strong></span> <span class='ocrx_word' id='word_1_71' title='bbox 457 1916 629 1998; x_wconf 85' lang='lat' dir='ltr'><strong>scriptores</strong></span> <span class='ocrx_word' id='word_1_72' title='bbox 650 1921 796 1982; x_wconf 85' lang='lat' dir='ltr'><strong>seruatae</strong></span> <span class='ocrx_word' id='word_1_73' title='bbox 826 1918 859 1982; x_wconf 95' lang='lat' dir='ltr'><strong>in</strong></span> <span class='ocrx_word' id='word_1_74' title='bbox 891 1916 1022 1982; x_wconf 88' lang='lat' dir='ltr'><strong>dubium</strong></span> <span class='ocrx_word' id='word_1_75' title='bbox 1052 1922 1207 1983; x_wconf 87' lang='lat' dir='ltr'><strong>venerunt</strong></span> <span class='ocrx_word' id='word_1_76' title='bbox 1220 1921 1248 1996; x_wconf 86' lang='lat'><strong>¹)</strong></span> <span class='ocrx_word' id='word_1_77' title='bbox 1278 1937 1344 1983; x_wconf 86' lang='lat' dir='ltr'><strong>ma·</strong></span> 
     </span>
     <span class='ocr_line' id='line_1_13' title="bbox 309 2019 1344 2103; baseline 0.003 -19"><span class='ocrx_word' id='word_1_78' title='bbox 309 2021 393 2085; x_wconf 84' lang='lat' dir='ltr'><strong>xime</strong></span> <span class='ocrx_word' id='word_1_79' title='bbox 409 2019 566 2086; x_wconf 78' lang='lat' dir='ltr'><strong>Athenaei</strong></span> <span class='ocrx_word' id='word_1_80' title='bbox 588 2019 656 2084; x_wconf 88' lang='lat' dir='ltr'><strong>loeo</strong></span> <span class='ocrx_word' id='word_1_81' title='bbox 679 2020 905 2100; x_wconf 77' lang='lat' dir='ltr'><strong>notissimo²):</strong></span> <span class='ocrx_word' id='word_1_82' title='bbox 929 2019 1030 2102; x_wconf 86' lang='lat' dir='ltr'><strong>„Lydi</strong></span> <span class='ocrx_word' id='word_1_83' title='bbox 1053 2037 1090 2085; x_wconf 95' lang='lat' dir='ltr'><strong>eo</strong></span> <span class='ocrx_word' id='word_1_84' title='bbox 1104 2020 1251 2087; x_wconf 91' lang='lat' dir='ltr'><strong>mollitiei</strong></span> <span class='ocrx_word' id='word_1_85' title='bbox 1271 2041 1344 2103; x_wconf 91' lang='lat' dir='ltr'><strong>pro·</strong></span> 
     </span>
     <span class='ocr_line' id='line_1_14' title="bbox 309 2121 1346 2205; baseline -0.002 -17"><span class='ocrx_word' id='word_1_86' title='bbox 309 2124 411 2205; x_wconf 84' lang='lat' dir='ltr'><strong>gressi</strong></span> <span class='ocrx_word' id='word_1_87' title='bbox 441 2127 518 2188; x_wconf 89' lang='lat' dir='ltr'><strong>sunt</strong></span> <span class='ocrx_word' id='word_1_88' title='bbox 547 2126 583 2186; x_wconf 89' lang='lat' dir='ltr'><strong>ut</strong></span> <span class='ocrx_word' id='word_1_89' title='bbox 611 2123 709 2187; x_wconf 87' lang='lat' dir='ltr'><strong>etiam</strong></span> <span class='ocrx_word' id='word_1_90' title='bbox 739 2121 874 2188; x_wconf 88' lang='lat' dir='ltr'><strong>feminas</strong></span> <span class='ocrx_word' id='word_1_91' title='bbox 903 2127 1098 2202; x_wconf 72' lang='lat' dir='ltr'><strong>castrarent,</strong></span> <span class='ocrx_word' id='word_1_92' title='bbox 1131 2123 1214 2204; x_wconf 93' lang='lat' dir='ltr'><strong>quod</strong></span> <span class='ocrx_word' id='word_1_93' title='bbox 1244 2123 1346 2188; x_wconf 89' lang='lat' dir='ltr'><strong>tradit</strong></span> 
     </span>
     <span class='ocr_line' id='line_1_15' title="bbox 309 2224 1346 2308; baseline 0 -18"><span class='ocrx_word' id='word_1_94' title='bbox 309 2224 456 2290; x_wconf 82' lang='lat' dir='ltr'><strong>Xanthus</strong></span> <span class='ocrx_word' id='word_1_95' title='bbox 477 2224 611 2308; x_wconf 86' lang='lat' dir='ltr'><strong>Lydius,</strong></span> <span class='ocrx_word' id='word_1_96' title='bbox 633 2224 700 2290; x_wconf 88' lang='lat' dir='ltr'><strong>sive</strong></span> <span class='ocrx_word' id='word_1_97' title='bbox 722 2226 777 2307; x_wconf 92' lang='lat' dir='ltr'><strong>qui</strong></span> <span class='ocrx_word' id='word_1_98' title='bbox 799 2225 952 2291; x_wconf 85' lang='lat' dir='ltr'><strong>historias</strong></span> <span class='ocrx_word' id='word_1_99' title='bbox 974 2225 1172 2307; x_wconf 82' lang='lat' dir='ltr'><strong>conseripsit,</strong></span> <span class='ocrx_word' id='word_1_100' title='bbox 1194 2243 1275 2306; x_wconf 88' lang='lat' dir='ltr'><strong>quae</strong></span> <span class='ocrx_word' id='word_1_101' title='bbox 1296 2225 1346 2290; x_wconf 92' lang='lat' dir='ltr'><strong>illi</strong></span> 
     </span>
     <span class='ocr_line' id='line_1_16' title="bbox 309 2327 1344 2411; baseline -0.001 -18"><span class='ocrx_word' id='word_1_102' title='bbox 309 2327 509 2408; x_wconf 87' lang='lat' dir='ltr'><strong>tribuuntur,</strong></span> <span class='ocrx_word' id='word_1_103' title='bbox 542 2327 715 2410; x_wconf 89' lang='lat' dir='ltr'><strong>Dionysius</strong></span> <span class='ocrx_word' id='word_1_104' title='bbox 745 2327 1011 2411; x_wconf 88' lang='lat' dir='ltr'><strong>Seytohrachion‚</strong></span> <span class='ocrx_word' id='word_1_105' title='bbox 1050 2333 1087 2392; x_wconf 88' lang='grc' dir='ltr'><strong>ιιι</strong></span> <span class='ocrx_word' id='word_1_106' title='bbox 1115 2329 1162 2393; x_wconf 89' lang='lat' dir='ltr'><strong>ait</strong></span> <span class='ocrx_word' id='word_1_107' title='bbox 1191 2329 1344 2394; x_wconf 83' lang='lat' dir='ltr'><strong>Artemon</strong></span> 
     </span>
     <span class='ocr_line' id='line_1_17' title="bbox 308 2429 1345 2522; baseline 0.001 -26"><span class='ocrx_word' id='word_1_108' title='bbox 308 2429 553 2522; x_wconf 77' lang='lat' dir='ltr'><strong>Cassandrensis</strong></span> <span class='ocrx_word' id='word_1_109' title='bbox 581 2431 613 2496; x_wconf 92' lang='lat' dir='ltr'><strong>in</strong></span> <span class='ocrx_word' id='word_1_110' title='bbox 642 2431 868 2497; x_wconf 82' lang='lat' dir='ltr'><strong>commentario</strong></span> <span class='ocrx_word' id='word_1_111' title='bbox 899 2431 940 2498; x_wconf 87' lang='lat' dir='ltr'><strong>de</strong></span> <span class='ocrx_word' id='word_1_112' title='bbox 969 2431 1122 2497; x_wconf 88' lang='lat' dir='ltr'><strong>hbrornm</strong></span> <span class='ocrx_word' id='word_1_113' title='bbox 1145 2431 1345 2509; x_wconf 82' lang='lat' dir='ltr'><strong>collectione3</strong></span> 
     </span>
     <span class='ocr_line' id='line_1_18' title="bbox 309 2532 1343 2616; baseline -0.001 -19"><span class='ocrx_word' id='word_1_114' title='bbox 309 2533 433 2599; x_wconf 89' lang='lat' dir='ltr'><strong>nescius</strong></span> <span class='ocrx_word' id='word_1_115' title='bbox 462 2533 584 2599; x_wconf 86' lang='lat' dir='ltr'><strong>seilicet</strong></span> <span class='ocrx_word' id='word_1_116' title='bbox 612 2534 775 2616; x_wconf 85' lang='lat' dir='ltr'><strong>Ephorum</strong></span> <span class='ocrx_word' id='word_1_117' title='bbox 806 2536 1011 2600; x_wconf 86' lang='lat' dir='ltr'><strong>historiarum</strong></span> <span class='ocrx_word' id='word_1_118' title='bbox 1042 2536 1229 2614; x_wconf 81' lang='lat' dir='ltr'><strong>scriptorem</strong></span> <span class='ocrx_word' id='word_1_119' title='bbox 1257 2532 1343 2597; x_wconf 89' lang='lat' dir='ltr'><strong>illius</strong></span> 
     </span>
     <span class='ocr_line' id='line_1_19' title="bbox 307 2635 1343 2719; baseline -0.004 -17"><span class='ocrx_word' id='word_1_120' title='bbox 307 2644 471 2719; x_wconf 85' lang='lat' dir='ltr'><strong>tamqnam</strong></span> <span class='ocrx_word' id='word_1_121' title='bbox 493 2637 678 2702; x_wconf 87' lang='lat' dir='ltr'><strong>vetustioris</strong></span> <span class='ocrx_word' id='word_1_122' title='bbox 700 2636 890 2716; x_wconf 86' lang='lat' dir='ltr'><strong>meminisse,</strong></span> <span class='ocrx_word' id='word_1_123' title='bbox 911 2636 966 2718; x_wconf 89' lang='lat' dir='ltr'><strong>qui</strong></span> <span class='ocrx_word' id='word_1_124' title='bbox 980 2637 1078 2700; x_wconf 89' lang='lat' dir='ltr'><strong>etiam</strong></span> <span class='ocrx_word' id='word_1_125' title='bbox 1093 2635 1256 2700; x_wconf 86' lang='lat' dir='ltr'><strong>Herodoto</strong></span> <span class='ocrx_word' id='word_1_126' title='bbox 1279 2653 1343 2699; x_wconf 86' lang='lat' dir='ltr'><strong>ma·</strong></span> 
     </span>
     <span class='ocr_line' id='line_1_20' title="bbox 306 2737 1343 2822; baseline -0.003 -18"><span class='ocrx_word' id='word_1_127' title='bbox 306 2741 419 2804; x_wconf 87' lang='lat' dir='ltr'><strong>teriem</strong></span> <span class='ocrx_word' id='word_1_128' title='bbox 455 2739 615 2805; x_wconf 82' lang='lat' dir='ltr'><strong>scribendi</strong></span> <span class='ocrx_word' id='word_1_129' title='bbox 652 2740 910 2822; x_wconf 88' lang='lat' dir='ltr'><strong>suppeditasset“</strong></span> <span class='ocrx_word' id='word_1_130' title='bbox 925 2740 965 2822; x_wconf 80' lang='lat'><strong>²).</strong></span> <span class='ocrx_word' id='word_1_131' title='bbox 1025 2737 1147 2816; x_wconf 82' lang='lat' dir='ltr'><strong>Quibus</strong></span> <span class='ocrx_word' id='word_1_132' title='bbox 1186 2737 1343 2803; x_wconf 86' lang='lat' dir='ltr'><strong>Athenaei</strong></span> 
     </span>
     <span class='ocr_line' id='line_1_21' title="bbox 307 2840 1342 2925; baseline 0.001 -19"><span class='ocrx_word' id='word_1_133' title='bbox 307 2841 413 2907; x_wconf 83' lang='lat' dir='ltr'><strong>verbis</strong></span> <span class='ocrx_word' id='word_1_134' title='bbox 444 2841 574 2923; x_wconf 86' lang='lat' dir='ltr'><strong>probari</strong></span> <span class='ocrx_word' id='word_1_135' title='bbox 602 2843 730 2925; x_wconf 91' lang='lat' dir='ltr'><strong>quidem</strong></span> <span class='ocrx_word' id='word_1_136' title='bbox 752 2842 916 2908; x_wconf 86' lang='lat' dir='ltr'><strong>Xanthum</strong></span> <span class='ocrx_word' id='word_1_137' title='bbox 945 2841 1082 2922; x_wconf 88' lang='lat' dir='ltr'><strong>Lydium</strong></span> <span class='ocrx_word' id='word_1_138' title='bbox 1113 2840 1342 2924; x_wconf 81' lang='lat' dir='ltr'><strong>logographum</strong></span> 
     </span>
     <span class='ocr_line' id='line_1_22' title="bbox 306 2943 1342 3025; baseline -0.003 -17"><span class='ocrx_word' id='word_1_139' title='bbox 306 2943 403 3010; x_wconf 86' lang='lat' dir='ltr'><strong>luisse</strong></span> <span class='ocrx_word' id='word_1_140' title='bbox 426 2945 611 3011; x_wconf 84' lang='lat' dir='ltr'><strong>Weleherus</strong></span> <span class='ocrx_word' id='word_1_141' title='bbox 632 2947 805 3025; x_wconf 83' lang='lat' dir='ltr'><strong>concessit,</strong></span> <span class='ocrx_word' id='word_1_142' title='bbox 835 2945 963 3025; x_wconf 79' lang='lat' dir='ltr'><strong>negarit</strong></span> <span class='ocrx_word' id='word_1_143' title='bbox 984 2962 1058 3009; x_wconf 87' lang='lat' dir='ltr'><strong>vero</strong></span> <span class='ocrx_word' id='word_1_144' title='bbox 1081 2944 1262 3008; x_wconf 83' lang='lat' dir='ltr'><strong>Artemonis</strong></span> <span class='ocrx_word' id='word_1_145' title='bbox 1284 2944 1342 3006; x_wconf 91' lang='lat' dir='ltr'><strong>im·</strong></span> 
     </span>
     <span class='ocr_line' id='line_1_23' title="bbox 307 3045 1341 3127; baseline -0.003 -15"><span class='ocrx_word' id='word_1_146' title='bbox 307 3047 407 3112; x_wconf 92' lang='lat' dir='ltr'><strong>minui</strong></span> <span class='ocrx_word' id='word_1_147' title='bbox 428 3045 534 3112; x_wconf 89' lang='lat' dir='ltr'><strong>fidem.</strong></span> <span class='ocrx_word' id='word_1_148' title='bbox 577 3047 659 3112; x_wconf 89' lang='lat' dir='ltr'><strong>Nam</strong></span> <span class='ocrx_word' id='word_1_149' title='bbox 690 3065 761 3112; x_wconf 88' lang='lat' dir='ltr'><strong>oum</strong></span> <span class='ocrx_word' id='word_1_150' title='bbox 790 3049 875 3113; x_wconf 85' lang='lat' dir='ltr'><strong>eirea</strong></span> <span class='ocrx_word' id='word_1_151' title='bbox 896 3064 1012 3112; x_wconf 87' lang='lat' dir='ltr'><strong>annum</strong></span> <span class='ocrx_word' id='word_1_152' title='bbox 1035 3046 1240 3110; x_wconf 80' lang='lat' dir='ltr'><strong>centesimum</strong></span> <span class='ocrx_word' id='word_1_153' title='bbox 1262 3063 1341 3127; x_wconf 88' lang='lat' dir='ltr'><strong>qna·</strong></span> 
     </span>
    </p>
   </div>
   <div class='ocr_carea' id='block_1_5' title="bbox 304 3253 1420 4278">
    <p class='ocr_par' dir='ltr' id='par_1_5' title="bbox 305 3253 1420 3590">
     <span class='ocr_line' id='line_1_24' title="bbox 396 3253 1341 3330; baseline -0.005 -16"><span class='ocrx_word' id='word_1_154' title='bbox 396 3260 421 3330; x_wconf 91' lang='lat' dir='ltr'><strong>l)</strong></span> <span class='ocrx_word' id='word_1_155' title='bbox 444 3254 599 3315; x_wconf 85' lang='lat' dir='ltr'><strong>Weloher:</strong></span> <span class='ocrx_word' id='word_1_156' title='bbox 632 3254 732 3313; x_wconf 83' lang='lat' dir='ltr'><strong>hleine</strong></span> <span class='ocrx_word' id='word_1_157' title='bbox 754 3254 916 3314; x_wconf 81' lang='lat' dir='ltr'><strong>Suhriften.</strong></span> <span class='ocrx_word' id='word_1_158' title='bbox 966 3253 1052 3311; x_wconf 91' lang='lat' dir='ltr'>Bonn</span> <span class='ocrx_word' id='word_1_159' title='bbox 1077 3254 1160 3310; x_wconf 79' lang='lat'>1844</span> <span class='ocrx_word' id='word_1_160' title='bbox 1184 3271 1213 3327; x_wconf 91' lang='lat' dir='ltr'><strong>p.</strong></span> <span class='ocrx_word' id='word_1_161' title='bbox 1237 3257 1341 3311; x_wconf 81' lang='lat'><strong>431-</strong></span> 
     </span>
     <span class='ocr_line' id='line_1_25' title="bbox 307 3337 1340 3418; baseline -0.006 -18"><span class='ocrx_word' id='word_1_162' title='bbox 307 3344 385 3416; x_wconf 84' lang='lat'><strong>451,</strong></span> <span class='ocrx_word' id='word_1_163' title='bbox 418 3341 576 3400; x_wconf 87' lang='lat' dir='ltr'><strong>Miillerns:</strong></span> <span class='ocrx_word' id='word_1_164' title='bbox 607 3342 786 3416; x_wconf 80' lang='lat' dir='ltr'><strong>Fragments</strong></span> <span class='ocrx_word' id='word_1_165' title='bbox 808 3347 863 3400; x_wconf 88' lang='lat' dir='ltr'><strong>eto.</strong></span> <span class='ocrx_word' id='word_1_166' title='bbox 895 3341 911 3397; x_wconf 92' lang='lat' dir='ltr'>I</span> <span class='ocrx_word' id='word_1_167' title='bbox 937 3359 968 3416; x_wconf 87' lang='lat' dir='ltr'><strong>p.</strong></span> <span class='ocrx_word' id='word_1_168' title='bbox 990 3338 1054 3398; x_wconf 85' lang='lat' dir='ltr'><strong>XX</strong></span> <span class='ocrx_word' id='word_1_169' title='bbox 1076 3358 1159 3418; x_wconf 88' lang='lat' dir='ltr'><strong>sqq.;</strong></span> <span class='ocrx_word' id='word_1_170' title='bbox 1189 3357 1278 3416; x_wconf 90' lang='lat' dir='ltr'><strong>quem</strong></span> <span class='ocrx_word' id='word_1_171' title='bbox 1309 3337 1340 3394; x_wconf 91' lang='lat' dir='ltr'><strong>in</strong></span> 
     </span>
     <span class='ocr_line' id='line_1_26' title="bbox 305 3424 1341 3504; baseline -0.004 -18"><span class='ocrx_word' id='word_1_172' title='bbox 305 3429 363 3487; x_wconf 86' lang='lat' dir='ltr'><strong>hae</strong></span> <span class='ocrx_word' id='word_1_173' title='bbox 383 3447 415 3487; x_wconf 90' lang='lat' dir='ltr'><strong>re</strong></span> <span class='ocrx_word' id='word_1_174' title='bbox 438 3429 592 3487; x_wconf 81' lang='grc' dir='ltr'>ιιοοιοιιδιι</span> <span class='ocrx_word' id='word_1_175' title='bbox 615 3427 785 3488; x_wconf 79' lang='lat' dir='ltr'><strong>omittemus</strong></span> <span class='ocrx_word' id='word_1_176' title='bbox 806 3426 894 3498; x_wconf 87' lang='lat' dir='ltr'><strong>lieet,</strong></span> <span class='ocrx_word' id='word_1_177' title='bbox 929 3425 998 3504; x_wconf 86' lang='lat' dir='ltr'><strong>quia</strong></span> <span class='ocrx_word' id='word_1_178' title='bbox 1020 3424 1169 3484; x_wconf 88' lang='lat' dir='ltr'><strong>Weloheri</strong></span> <span class='ocrx_word' id='word_1_179' title='bbox 1203 3425 1341 3483; x_wconf 86' lang='lat' dir='ltr'><strong>disserta·</strong></span> 
     </span>
     <span class='ocr_line' id='line_1_27' title="bbox 307 3509 1420 3590; baseline -0.008 -19"><span class='ocrx_word' id='word_1_180' title='bbox 307 3513 419 3572; x_wconf 90' lang='lat' dir='ltr'><strong>tionem</strong></span> <span class='ocrx_word' id='word_1_181' title='bbox 443 3513 653 3589; x_wconf 78' lang='lat' dir='ltr'><strong>exscripsitet</strong></span> <span class='ocrx_word' id='word_1_182' title='bbox 623 3533 712 3572; x_wconf 91' lang='lat' dir='ltr'><strong>ene</strong></span> <span class='ocrx_word' id='word_1_183' title='bbox 735 3533 825 3571; x_wconf 89' lang='lat' dir='ltr'><strong>nuum</strong></span> <span class='ocrx_word' id='word_1_184' title='bbox 850 3512 968 3590; x_wconf 89' lang='lat' dir='ltr'><strong>quidem</strong></span> <span class='ocrx_word' id='word_1_185' title='bbox 991 3516 1196 3586; x_wconf 83' lang='lat' dir='ltr'><strong>argumentum</strong></span> <span class='ocrx_word' id='word_1_186' title='bbox 1219 3509 1340 3568; x_wconf 86' lang='lat' dir='ltr'><strong>addidit.</strong></span> <span class='ocrx_word' id='word_1_187' title='bbox 1418 3556 1420 3561; x_wconf 91' lang='lat'><strong>.</strong></span> 
     </span>
    </p>

    <p class='ocr_par' dir='ltr' id='par_1_6' title="bbox 304 3593 1341 4278">
     <span class='ocr_line' id='line_1_28' title="bbox 392 3593 1341 3676; baseline -0.006 -19.877"><span class='ocrx_word' id='word_1_188' title='bbox 392 3599 424 3676; x_wconf 84' lang='lat'><strong>2)</strong></span> <span class='ocrx_word' id='word_1_189' title='bbox 392 3598 503 3657; x_wconf 77' lang='lat' dir='ltr'><strong>asie</strong></span> <span class='ocrx_word' id='word_1_190' title='bbox 532 3598 624 3656; x_wconf 88' lang='lat' dir='ltr'><strong>latine</strong></span> <span class='ocrx_word' id='word_1_191' title='bbox 655 3598 783 3658; x_wconf 87' lang='lat' dir='ltr'><strong>reddidit</strong></span> <span class='ocrx_word' id='word_1_192' title='bbox 811 3597 956 3656; x_wconf 83' lang='lat' dir='ltr'><strong>Miillerus</strong></span> <span class='ocrx_word' id='word_1_193' title='bbox 984 3599 1077 3656; x_wconf 84' lang='lat' dir='ltr'><strong>verba</strong></span> <span class='ocrx_word' id='word_1_194' title='bbox 1107 3595 1253 3654; x_wconf 86' lang='lat' dir='ltr'><strong>Athenaei</strong></span> <span class='ocrx_word' id='word_1_195' title='bbox 1276 3593 1341 3651; x_wconf 91' lang='lat' dir='ltr'><strong>XII</strong></span> 
     </span>
     <span class='ocr_line' id='line_1_29' title="bbox 306 3669 1340 3786; baseline -0.007 -42"><span class='ocrx_word' id='word_1_196' title='bbox 306 3705 329 3744; x_wconf 90' lang='grc' dir='ltr'><strong>ο.</strong></span> <span class='ocrx_word' id='word_1_197' title='bbox 355 3688 391 3743; x_wconf 90' lang='grc'><strong>11</strong></span> <span class='ocrx_word' id='word_1_198' title='bbox 417 3703 445 3760; x_wconf 92' lang='lat' dir='ltr'><strong>p.</strong></span> <span class='ocrx_word' id='word_1_199' title='bbox 470 3683 600 3743; x_wconf 78' lang='lat' dir='ltr'><strong>sloh·</strong></span> <span class='ocrx_word' id='word_1_200' title='bbox 630 3679 730 3744; x_wconf 85' lang='grc' dir='ltr'><strong><em>Λυδο1</em></strong></span> <span class='ocrx_word' id='word_1_201' title='bbox 755 3677 787 3742; x_wconf 84' lang='grc' dir='ltr'><strong>δὲ</strong></span> <span class='ocrx_word' id='word_1_202' title='bbox 810 3679 851 3751; x_wconf 84' lang='grc' dir='ltr'><strong>εἰς</strong></span> <span class='ocrx_word' id='word_1_203' title='bbox 872 3683 1019 3742; x_wconf 83' lang='grc' dir='ltr'><strong><em>τοσοῦτον</em></strong></span> <span class='ocrx_word' id='word_1_204' title='bbox 1039 3669 1137 3786; x_wconf 74' lang='grc' dir='ltr'><strong><em>ἦλθον</em></strong></span> <span class='ocrx_word' id='word_1_205' title='bbox 1157 3680 1277 3780; x_wconf 80' lang='grc' dir='ltr'><strong><em>τρυφῆς</em></strong></span> <span class='ocrx_word' id='word_1_206' title='bbox 1299 3699 1340 3747; x_wconf 88' lang='grc' dir='ltr'><strong>ως</strong></span> 
     </span>
     <span class='ocr_line' id='line_1_30' title="bbox 306 3755 1340 3873; baseline -0.004 -46"><span class='ocrx_word' id='word_1_207' title='bbox 306 3766 357 3828; x_wconf 82' lang='grc' dir='ltr'>ιιιιὶ</span> <span class='ocrx_word' id='word_1_208' title='bbox 374 3771 493 3846; x_wconf 75' lang='grc' dir='ltr'><strong><em>πρῶτον</em></strong></span> <span class='ocrx_word' id='word_1_209' title='bbox 514 3772 660 3873; x_wconf 52' lang='grc' dir='ltr'><strong><em>γυναῖκας</em></strong></span> <span class='ocrx_word' id='word_1_210' title='bbox 681 3761 858 3845; x_wconf 72' lang='grc' dir='ltr'>εὐνουχίσαι,</span> <span class='ocrx_word' id='word_1_211' title='bbox 883 3759 924 3837; x_wconf 69' lang='grc' dir='ltr'><strong>οἱς</strong></span> <span class='ocrx_word' id='word_1_212' title='bbox 939 3765 1050 3846; x_wconf 76' lang='grc' dir='ltr'><strong><em>ἱστορεῖ</em></strong></span> <span class='ocrx_word' id='word_1_213' title='bbox 1064 3755 1219 3834; x_wconf 79' lang='grc' dir='ltr'><strong><em>Ξάνθοςδ</em></strong></span> <span class='ocrx_word' id='word_1_214' title='bbox 1235 3757 1340 3833; x_wconf 84' lang='grc' dir='ltr'><strong><em>Λυδδς</em></strong></span> 
     </span>
     <span class='ocr_line' id='line_1_31' title="bbox 304 3847 1338 3957; baseline -0.007 -42"><span class='ocrx_word' id='word_1_215' title='bbox 304 3848 325 3931; x_wconf 76' lang='grc' dir='ltr'><em>ἢ</em></span> <span class='ocrx_word' id='word_1_216' title='bbox 348 3877 363 3914; x_wconf 94' lang='grc' dir='ltr'><strong><em>ο</em></strong></span> <span class='ocrx_word' id='word_1_217' title='bbox 356 3847 429 3924; x_wconf 79' lang='grc' dir='ltr'><strong>εἰς</strong></span> <span class='ocrx_word' id='word_1_218' title='bbox 451 3847 543 3913; x_wconf 76' lang='grc' dir='ltr'><strong><em>αυτόν</em></strong></span> <span class='ocrx_word' id='word_1_219' title='bbox 565 3847 619 3924; x_wconf 89' lang='grc' dir='ltr'><strong>το1ς</strong></span> <span class='ocrx_word' id='word_1_220' title='bbox 640 3849 868 3957; x_wconf 75' lang='grc' dir='ltr'><strong><em>ἀναφερομένας</em></strong></span> <span class='ocrx_word' id='word_1_221' title='bbox 891 3851 1023 3934; x_wconf 70' lang='grc' dir='ltr'><strong><em>ἱστορίας</em></strong></span> <span class='ocrx_word' id='word_1_222' title='bbox 1038 3867 1254 3956; x_wconf 75' lang='grc' dir='ltr'><strong>ρυγγεγροιφως</strong></span> <span class='ocrx_word' id='word_1_223' title='bbox 1271 3855 1338 3908; x_wconf 90' lang='grc' dir='ltr'>Διο-</span> 
     </span>
     <span class='ocr_line' id='line_1_32' title="bbox 307 3928 1338 4043; baseline -0.006 -43"><span class='ocrx_word' id='word_1_224' title='bbox 307 3933 410 4016; x_wconf 79' lang='grc' dir='ltr'>νύσιος</span> <span class='ocrx_word' id='word_1_225' title='bbox 433 3932 451 4000; x_wconf 82' lang='grc' dir='ltr'><strong><em>δ</em></strong></span> <span class='ocrx_word' id='word_1_226' title='bbox 473 3939 717 4018; x_wconf 74' lang='grc' dir='ltr'><strong><em>Σκυτοβραχίων,</em></strong></span> <span class='ocrx_word' id='word_1_227' title='bbox 742 3931 786 4014; x_wconf 74' lang='grc' dir='ltr'><strong>ως</strong></span> <span class='ocrx_word' id='word_1_228' title='bbox 808 3933 971 4043; x_wconf 56' lang='grc' dir='ltr'><strong><em>Ἀρτέμων</em></strong></span> <span class='ocrx_word' id='word_1_229' title='bbox 976 3933 1052 4013; x_wconf 81' lang='grc' dir='ltr'><strong>φησὶ</strong></span> <span class='ocrx_word' id='word_1_230' title='bbox 1074 3928 1093 3994; x_wconf 85' lang='grc' dir='ltr'><strong><em>δ</em></strong></span> <span class='ocrx_word' id='word_1_231' title='bbox 1116 3929 1338 4037; x_wconf 84' lang='grc' dir='ltr'><strong><em>Κοοσοινδρεδς,</em></strong></span> 
     </span>
     <span class='ocr_line' id='line_1_33' title="bbox 305 4013 1339 4127; baseline -0.006 -41"><span class='ocrx_word' id='word_1_232' title='bbox 305 4024 337 4086; x_wconf 78' lang='grc' dir='ltr'><strong>ἐν</strong></span> <span class='ocrx_word' id='word_1_233' title='bbox 359 4029 400 4109; x_wconf 78' lang='grc' dir='ltr'><strong>τῷ</strong></span> <span class='ocrx_word' id='word_1_234' title='bbox 422 4024 487 4106; x_wconf 80' lang='grc' dir='ltr'><strong>περὶ</strong></span> <span class='ocrx_word' id='word_1_235' title='bbox 510 4027 686 4127; x_wconf 78' lang='grc' dir='ltr'><strong><em>συναγωγῆς</em></strong></span> <span class='ocrx_word' id='word_1_236' title='bbox 707 4023 848 4102; x_wconf 74' lang='grc' dir='ltr'>βιβλίων</span> <span class='ocrx_word' id='word_1_237' title='bbox 872 4019 991 4104; x_wconf 74' lang='grc' dir='ltr'><strong><em>υγνοοὸν</em></strong></span> <span class='ocrx_word' id='word_1_238' title='bbox 1013 4017 1058 4082; x_wconf 83' lang='grc' dir='ltr'><strong>ὅτι</strong></span> <span class='ocrx_word' id='word_1_239' title='bbox 1073 4013 1247 4100; x_wconf 82' lang='grc' dir='ltr'><strong><em>Ἔφορος</em></strong></span> <span class='ocrx_word' id='word_1_240' title='bbox 1230 4043 1246 4081; x_wconf 93' lang='grc' dir='ltr'><strong><em>ο</em></strong></span> <span class='ocrx_word' id='word_1_241' title='bbox 1256 4038 1339 4124; x_wconf 76' lang='grc' dir='ltr'><strong><em>ουν-</em></strong></span> 
     </span>
     <span class='ocr_line' id='line_1_34' title="bbox 305 4087 1339 4215; baseline -0.006 -44"><span class='ocrx_word' id='word_1_242' title='bbox 305 4087 441 4214; x_wconf 82' lang='grc' dir='ltr'><strong><em>γρυφεδς</em></strong></span> <span class='ocrx_word' id='word_1_243' title='bbox 460 4105 642 4215; x_wconf 74' lang='grc' dir='ltr'>μνημονεύει</span> <span class='ocrx_word' id='word_1_244' title='bbox 664 4104 758 4172; x_wconf 74' lang='grc' dir='ltr'><strong><em>αὐτοῦ</em></strong></span> <span class='ocrx_word' id='word_1_245' title='bbox 790 4131 830 4181; x_wconf 93' lang='grc' dir='ltr'><strong>ως</strong></span> <span class='ocrx_word' id='word_1_246' title='bbox 852 4101 1090 4189; x_wconf 74' lang='grc' dir='ltr'><strong><em>πολοιοτὲρου”</em></strong></span> <span class='ocrx_word' id='word_1_247' title='bbox 1073 4127 1161 4182; x_wconf 86' lang='grc' dir='ltr'><strong><em>οντος</em></strong></span> <span class='ocrx_word' id='word_1_248' title='bbox 1183 4104 1234 4166; x_wconf 75' lang='grc' dir='ltr'><strong>καὶ</strong></span> <span class='ocrx_word' id='word_1_249' title='bbox 1256 4099 1339 4186; x_wconf 85' lang='grc' dir='ltr'><strong><em>Ἡρο-</em></strong></span> 
     </span>
     <span class='ocr_line' id='line_1_35' title="bbox 306 4189 822 4278; baseline -0.004 -20"><span class='ocrx_word' id='word_1_250' title='bbox 306 4193 383 4259; x_wconf 88' lang='grc' dir='ltr'><strong><em>δότω</em></strong></span> <span class='ocrx_word' id='word_1_251' title='bbox 406 4193 459 4268; x_wconf 80' lang='grc' dir='ltr'><strong><em>τοὶς</em></strong></span> <span class='ocrx_word' id='word_1_252' title='bbox 482 4190 624 4278; x_wconf 77' lang='grc' dir='ltr'><strong><em>α’φορμοῖς</em></strong></span> <span class='ocrx_word' id='word_1_253' title='bbox 646 4189 822 4266; x_wconf 77' lang='grc' dir='ltr'><strong><em>δεδωκότος</em></strong></span> 
     </span>
    </p>
   </div>
   <div class='ocr_carea' id='block_1_6' title="bbox 0 0 1564 4888">
    <p class='ocr_par' dir='ltr' id='par_1_7' title="bbox 0 0 1564 4888">
     <span class='ocr_line' id='line_1_36' title="bbox 0 0 1564 4888; baseline 0 2"><span class='ocrx_word' id='word_1_254' title='bbox 0 0 1564 4888; x_wconf 95' lang='lat' dir='ltr'><strong> </strong></span> 
     </span>
    </p>
   </div>
  </div>
 </body>
</html>
