3120 4888
631 489 845 558 ..31-

223 658 334 724 Asiam
365 659 608 741 transmigrasse
639 669 673 725 et
702 661 795 725 sedes
824 660 995 728 collocasse
1025 663 1068 727 ad
1089 660 1260 743 Olympum

222 768 361 826 montem
384 761 503 829 vicinas
526 761 644 846 Mysis,
675 763 800 829 accedit
821 763 908 846 quod
929 762 1032 828 mrrlto
1053 765 1094 829 de
1116 762 1217 846 Mysis
1240 781 1261 828 a

222 863 322 942 Lydis
353 863 495 930 oriundis
526 865 676 930 Xanthus
717 865 819 930 tradit
854 901 896 912 -
931 866 1116 932 decumatos
1147 884 1167 931 a
1196 865 1261 949 Ly·

224 966 274 1031 dis
304 967 336 1032 in
364 966 500 1050 Olympo
533 973 639 1032 monte
661 967 822 1050 expositos
844 986 914 1034 esse
943 975 978 1034 et
998 987 1038 1034 ex
1061 967 1100 1032 iis
1123 987 1260 1051 progna·

224 1073 274 1131 tos
296 1085 364 1133 esse
386 1069 494 1150 Mysos
517 1069 568 1146 (lr.
591 1071 625 1148 8)
657 1105 697 1118 --
731 1088 865 1153 quorum
888 1069 1089 1136 Herodotum
1113 1070 1259 1136 notitiam

223 1170 374 1236 habuisse
394 1171 471 1236 inde
493 1179 642 1254 apparet,
673 1173 756 1255 quod
779 1173 821 1238 ad
844 1172 1006 1254 Mysorum
1028 1189 1120 1238 arms
1141 1172 1260 1238 descri-

223 1272 328 1339 benda
349 1273 405 1355 IV,
429 1263 470 1338 74
491 1275 583 1339 addit
604 1261 692 1338 οὗτοι
723 1271 760 1338 δὲ
781 1268 847 1339 εἰσὶ
870 1271 994 1340 Λυδῶν
1015 1268 1171 1358 ἄποικοι,
1200 1266 1257 1339 ἀπ’

218 1367 387 1459 Ὀλύμπου
417 1369 510 1462 ὄρεος
542 1373 580 1440 δὲ
609 1372 783 1440 καλέονται
811 1368 1036 1463 Ὀλυμπιηνοί.
1087 1377 1260 1444 Habitasse

223 1478 340 1544 deinde
362 1477 441 1544 dicit
463 1477 572 1560 Mysos
592 1477 756 1543 Xanthus:
780 1476 859 1562 περὶ
880 1477 940 1555 τὰς
962 1481 1019 1543 τοῦ
1041 1476 1173 1545 licimo
1194 1503 1259 1566 πη-

222 1578 284 1664 ydg
305 1575 447 1667 πλήσιον
469 1577 593 1646 Λυδῶν
621 1598 757 1661 quocum
787 1581 867 1647 bene
891 1582 1082 1648 conveniunt
1103 1582 1259 1648 Herodoti

224 1685 322 1751 verba
345 1683 414 1762 VII,
435 1683 479 1750 42
501 1679 651 1748 ἐποιέετο
680 1680 719 1748 δὲ
746 1680 804 1771 τὴν
833 1677 912 1749 ὁδὸν
941 1680 979 1749 ἐκ
1008 1687 1065 1771 τῆς
1087 1678 1259 1770 Λυδίηςὸ

226 1783 365 1871 στρατὸς
387 1779 447 1850 ἐπί
466 1806 501 1849 τι
522 1781 579 1848 τὸν
601 1781 753 1870 ποταμὸν
775 1779 905 1852 Kainon
933 1783 989 1851 καὶ
1017 1789 1075 1873 γῆν
1102 1783 1160 1875 τὴν
1180 1791 1259 1852 Mu-

224 1883 306 1974 σίην.
349 1888 444 1953 Haud
466 1889 559 1970 parvi
579 1905 657 1953 sone
678 1889 830 1954 momenti
852 1895 902 1954 est
924 1889 977 1955 hic
993 1907 1163 1956 consensus
1185 1909 1259 1957 auc·

223 1997 328 2056 torum
352 1991 391 2056 de
412 1989 587 2072 originibus
609 1992 761 2074 gentium,
783 2009 865 2072 quaa
885 1991 945 2058 sub
961 1992 1080 2058 ditione
1096 1993 1258 2076 Lydorum

223 2100 332 2169 erant,
365 2111 466 2174 neque
484 2112 561 2160 casu
583 2094 736 2160 eccidisse
759 2095 887 2162 videtur
910 2100 946 2159 ut
967 2095 999 2161 in
1022 2094 1182 2177 capitibus
1202 2096 1259 2174 IV,

224 2195 266 2260 73
288 2201 321 2260 et
337 2195 379 2260 74
398 2196 510 2262 eodem
534 2197 627 2262 modo
649 2197 690 2262 ab
706 2196 870 2262 Herodoto
891 2197 1056 2280 prodatur,
1078 2199 1161 2263 unde
1176 2198 1259 2282 Lydi

223 2315 335 2364 nomen
357 2299 515 2381 ceperint,
537 2297 622 2365 unde
643 2300 788 2366 venerint
810 2299 972 2382 Phryges,
1004 2301 1088 2366 unde
1110 2301 1173 2366 orti
1194 2301 1259 2366 sint

222 2400 324 2484 Mysi,
356 2419 419 2483 quo
441 2401 475 2466 id
505 2401 676 2466 aXantho
706 2409 870 2468 narratum
901 2407 983 2469 erat.
1033 2402 1187 2480 Quamvis
1217 2403 1258 2469 ob

222 2521 293 2570 earn
315 2522 381 2569 rem
405 2509 506 2570 totam
526 2504 626 2585 illam,
647 2521 729 2586 quae
743 2505 904 2587 capitibus
918 2505 1045 2571 61-68
1068 2506 1258 2586 continetur,

222 2607 467 2688 descriptionem
497 2607 655 2674 exereitus
676 2606 797 2673 Persici
826 2626 865 2674 ex
887 2607 1008 2673 Xanthi
1030 2607 1180 2692 Lydiacis
1201 2627 1258 2690 pe·

222 2710 317 2774 titam
347 2727 417 2776 esse
449 2709 535 2775 haud
565 2709 759 2792 existimem,
798 2710 874 2777 licet
903 2717 1010 2776 tamen
1039 2709 1181 2776 conicere
1209 2729 1257 2792 ea,

222 2830 303 2894 quae
334 2813 375 2878 de
396 2812 556 2879 Armeniis
585 2818 618 2879 et
640 2812 821 2895 Phrygibus
850 2814 1083 2880 necessitudine
1113 2814 1196 2880 iuter
1222 2831 1257 2880 se

222 2915 398 2981 coniunctis
419 2934 468 2997 op.
485 2915 536 2997 74,
559 2916 600 2981 de
621 2915 783 2999 Bithyniis
802 2916 1002 3000 Strymonem
1023 2915 1181 2996 quondam
1204 2934 1257 2982 ac·

221 3017 396 3084 colentibus
426 3016 558 3100 opib,
588 3019 673 3086 unde
704 3037 727 3083 a
755 3018 886 3085 Teucris
919 3025 952 3086 et
972 3019 1074 3100 Mysis
1103 3016 1171 3103 πρὸ
1193 3020 1257 3084 τῶν

225 3121 380 3203 Τρωικῶν
395 3122 426 3204 ¹)
448 3122 480 3186 in
496 3121 658 3203 Europam
680 3120 833 3204 ingressis
855 3122 940 3202 (VII,
958 3122 1013 3202 20)
1035 3121 1160 3204 depulsi
1181 3123 1257 3203 sint,

221 3225 261 3288 de
284 3223 424 3290 Oebaliis
445 3244 465 3289 a
487 3210 665 3290 hleionibus
692 3225 774 3290 ortis
801 3243 853 3307 cp.
876 3225 915 3290 77
946 3225 1128 3290 Herodotus
1159 3224 1258 3298 refert

221 3333 255 3392 et
275 3325 393 3394 similia
413 3346 453 3394 ex
474 3328 585 3392 eodem
607 3325 694 3392 fonte
715 3327 853 3393 linxisse
906 3326 1017 3410 Neque
1039 3326 1169 3392 minoris
1190 3345 1257 3393 rno-

221 3429 321 3494 menti
342 3447 412 3495 esse
433 3429 573 3496 arbitrer
595 3430 681 3512 quod
703 3429 795 3494 Melis
817 3430 920 3512 regis,
953 3448 1046 3512 quern
1069 3429 1152 3496 inter
1173 3431 1257 3497 anti-

221 3547 301 3613 quos
322 3531 443 3614 Lydiae
465 3550 556 3614 reges
577 3532 761 3599 Herodotus
783 3533 925 3598 nominat
946 3534 973 3612 I,
988 3534 1040 3613 84,
1062 3537 1096 3600 et
1117 3532 1257 3614 Iardani,

220 3651 240 3697 e
260 3633 351 3700 cuius
374 3651 467 3701 serva
482 3635 726 3702 Heraclidarum
748 3636 846 3717 stirps
868 3642 945 3702 nata
966 3653 1036 3703 esse
1051 3636 1169 3702 dicitnr
1184 3635 1209 3718 I,
1226 3636 1256 3716 7,

221 3737 309 3818 apud
329 3736 493 3803 Nicolaum
523 3739 642 3804 mentio
669 3736 724 3822 fit,
754 3739 786 3804 in
818 3739 858 3804 iis
878 3738 1083 3822 fragmentis,
1114 3755 1196 3818 quae
1217 3757 1259 3803 ex-

220 3886 425 3901 *Q

309 3976 340 4057 l)
365 3979 538 4042 Memineris
559 3979 675 4043 Xanthi
697 3982 753 4058 ing.
771 3987 789 4043 8
813 3973 831 4042 ὅ
853 3975 905 4058 μὲν
926 3973 983 4060 γὰρ
1004 3972 1128 4065 Ξᾴνθις
1149 3971 1168 4042 o‘
1190 3983 1255 4040 Λυ-

130 4111 136 4120 .
220 4055 275 4167 ⁶⁶?
296 4057 369 4142 parui
399 4059 447 4213 aa}
462 4060 581 4146 Τρωικά
604 4084 678 4144 φησι
700 4065 800 4128 ἐλθεῖν
822 4062 893 4139 τούς
917 4062 1040 4147 Φρύγας
1062 4063 1096 4126 ἐν
1117 4069 1171 4148 τῆς
1193 4059 1255 4129 Εὖ-

221 4169 325 4233 paupe
345 4171 410 4216 νιν.
