3120 4888
665 495 876 564 -53-

246 685 328 750 quae
351 666 488 733 Croesus
510 667 668 749 Apollinis
699 667 760 732 sibi
791 666 979 733 conciliandi
1009 684 1108 734 causa
1129 668 1284 736 Sardibus

245 770 361 836 iecisse
391 770 545 851 traditur,
584 770 718 837 subesse
751 771 917 853 antiquae,
957 770 1072 852 quibus
1104 771 1285 839 Sandonem

245 873 340 938 deum
363 873 467 938 colere
489 873 636 938 solebant
658 874 757 954 Lydi,
783 873 993 940 caerimonias
1016 873 1205 940 Dunckerus
1228 876 1284 940 do-

246 979 296 1039 cet
318 976 387 1056 (IV,
409 976 496 1056 320),
519 978 576 1041 sed
599 977 697 1042 etiam
719 977 815 1052 mira,
847 995 911 1058 qua
932 982 983 1041 est
1005 994 1075 1043 cum
1098 977 1131 1042 in
1154 997 1285 1044 numero

243 1077 441 1144 victimarum
464 1079 698 1145 immolatarum
721 1080 857 1162 aliisque
880 1079 981 1144 sacris
997 1082 1283 1147 commemorandis

246 1179 307 1264 (ep.
330 1181 386 1262 50)
409 1186 477 1247 tum
499 1182 530 1246 in
556 1182 702 1262 oraculis,
730 1184 771 1248 ad
795 1201 877 1264 quae
899 1183 1037 1249 Croesus
1060 1184 1190 1250 nuntios
1213 1185 1285 1250 mit·

244 1288 336 1364 teret,
360 1283 422 1368 (cp.
444 1284 499 1362 45)
523 1286 746 1351 enumerandis
771 1286 938 1367 diligentia
959 1285 1161 1364 Herodotus,
1193 1289 1283 1353 testi·

243 1384 358 1451 licetur
380 1387 466 1451 haud
495 1387 616 1454 incerto
648 1389 770 1454 auctori
799 1389 923 1469 deberi,
954 1389 1095 1470 quaein
1124 1390 1282 1471 capitibus

246 1488 310 1553 illis
332 1488 522 1556 referuntur.
568 1491 708 1570 Accedit,
731 1493 815 1574 quod
831 1492 917 1557 haud
933 1492 1024 1574 parvi
1040 1510 1118 1558 sane
1133 1494 1284 1557 momenti

244 1597 295 1656 est
317 1593 358 1656 ad
381 1595 655 1677 persuadendum,
677 1597 763 1676 quod
785 1595 956 1674 nonnulla,
979 1612 1060 1676 quae
1081 1596 1162 1662 scire
1185 1595 1283 1661 lecto-

243 1712 308 1759 rem
332 1695 488 1761 interesse
509 1703 652 1779 putaret,
685 1698 756 1762 ideo
787 1717 822 1762 se
845 1699 967 1764 nescire
989 1696 1157 1780 profitetur
1178 1696 1281 1762 Hero·

244 1799 356 1878 dotus,
392 1799 550 1880 quianon
574 1801 694 1865 tradita
716 1801 791 1866 sint.
834 1801 932 1866 Dolet
954 1801 1036 1866 euim
1059 1818 1118 1866 nec
1139 1802 1280 1883 deorum,

242 1919 321 1982 quos
344 1901 482 1968 Croesus
505 1908 681 1984 tentasset,
701 1922 857 1986 responsa
879 1922 938 1970 nec
961 1903 1144 1985 Amphiarai
1169 1923 1280 1970 oracu-

241 2002 316 2087 lum,
339 2007 423 2086 quod
446 2025 504 2088 pro
524 2013 611 2072 recto
634 2007 788 2074 aCroeso
811 2007 955 2072 habitum
977 2012 1072 2087 esset,
1095 2026 1130 2072 se
1144 2008 1281 2074 reddere

240 2123 351 2186 posse:
384 2100 421 2172 οὗ
449 2106 510 2196 γὰρ
534 2099 578 2174 ὧν
600 2102 792 2176 οὐδὲτοῦτο
814 2107 941 2194 λέγεται
969 2109 1032 2193 (cp.
1054 2110 1121 2191 49).
1168 2110 1280 2191 Itaque

241 2225 312 2272 cum
336 2211 571 2278 eoncedendum
601 2213 658 2296 sit,
691 2219 727 2277 ut
749 2213 879 2294 opinor,
910 2231 982 2278 eum
1004 2213 1092 2278 hisce
1119 2212 1151 2276 in
1183 2211 1278 2278 rebus

240 2312 409 2378 narrandis
432 2313 621 2397 logographi
655 2315 821 2381 cuiusdam
851 2315 942 2380 libris
973 2332 1176 2391 assensum,
1210 2313 1280 2381 fieri

240 2431 303 2476 non
326 2419 452 2497 potest,
481 2419 555 2499 quin
580 2423 761 2485 statuamus
784 2438 866 2500 quae
895 2418 958 2483 illis
981 2417 1140 2499 capitibus
1163 2437 1279 2484 memo·

239 2513 306 2580 riae
327 2518 507 2597 produntur
530 2539 568 2586 ex
589 2522 710 2587 Xanthi
732 2521 880 2604 Lydiacis
904 2539 976 2588 esse
999 2522 1188 2603 desumpta,
1211 2521 1278 2602 qui-

239 2616 298 2682 bus
321 2639 468 2703 —quae
491 2626 671 2707 conscripta
694 2643 801 2690 secum
824 2624 932 2705 ferret,
955 2642 1025 2690 cum
1047 2624 1277 2696 Halicarnasso

239 2720 421 2789 diseederet
443 2763 484 2774 -
506 2727 692 2794 Herodotus
714 2728 871 2794 indidisse
886 2730 1049 2811 putandus
1072 2732 1131 2809 est,
1153 2746 1235 2810 quae
1258 2746 1278 2793 a

238 2821 402 2904 Delphicis
426 2829 646 2895 sacerdotibus
677 2836 790 2913 postea
819 2832 944 2911 accepit
965 2831 1095 2896 oracula
1116 2830 1157 2895 ab
1178 2830 1277 2911 Apol-

237 2923 302 2990 line
325 2925 442 2994 Croeso
465 2931 595 3017 data1).
627 2932 834 2998 Consuetudo
863 2933 945 2998 euim
970 2933 998 2998 ei
1020 2937 1106 3013 erat,
1135 2932 1164 2998 si
1197 2950 1277 3014 quas

239 3028 318 3093 adiit
340 3031 390 3096 vel
414 3032 507 3099 urbes
530 3034 579 3101 vel
595 3040 709 3116 terrae,
731 3037 772 3101 de
788 3035 1024 3101 narrationibus
1047 3053 1117 3101 cum
1141 3035 1276 3104 aliorum

237 3135 305 3196 tum
327 3133 605 3220 logographorum,
630 3157 713 3220 quae
735 3139 777 3205 ad
799 3157 855 3204 eas
870 3139 1078 3221 pertinerent,
1101 3139 1206 3205 acrius
1227 3139 1275 3204 in-

238 3235 374 3316 dagare3
405 3239 484 3304 satis
507 3245 559 3306 est
579 3261 695 3322 unum,
726 3242 863 3323 exempli
885 3243 1006 3325 gratia,
1037 3243 1200 3308 nominare
1232 3277 1273 3290 -

237 3335 432 3404 Hecataeum
454 3342 615 3410 Milesium
628 3349 668 3424 2).
722 3344 894 3411 Praeterea
916 3345 1029 3412 Steinii
1052 3345 1273 3410 auctoritatem

325 3567 357 3642 l)
379 3565 410 3624 si
432 3569 576 3629 sacerdoti
598 3569 743 3648 Delphico
767 3573 830 3632 tota
860 3571 895 3630 da
918 3571 1044 3632 oraculis
1067 3569 1195 3631 narratio
1219 3571 1272 3630 tri-

236 3651 346 3726 buitur,
371 3656 404 3712 ut
426 3653 556 3713 Steinius
577 3655 651 3729 vult,
674 3674 730 3716 nec
750 3655 880 3732 intelligi
903 3661 1003 3733 potest
1025 3677 1076 3717 cur
1097 3676 1159 3715 non
1182 3656 1271 3715 etiam

236 3735 355 3796 deorum
378 3739 497 3797 illorum
519 3759 662 3816 responsa
689 3742 715 3800 is
737 3742 876 3813 finxerit,
908 3762 963 3802 nee
997 3762 1085 3803 eausa
1108 3743 1272 3817 exaogitari

236 3827 348 3896 potest,
381 3844 433 3884 eur
456 3826 654 3901 Amphiaraus
676 3847 795 3905 quoque
817 3829 904 3887 laude
925 3829 990 3890 vari
1013 3829 1123 3890 oraculi
1147 3829 1271 3888 affectus

236 3906 283 3979 sit,
306 3910 341 3967 de
365 3929 423 3987 qua
437 3911 557 3985 Thebis,
580 3931 654 3990 quas
676 3913 750 3974 adiit
765 3914 937 3974 Herodotus
959 3915 1017 3991 (ep.
1035 3915 1095 3990 53),
1118 3913 1195 3974 nihil
1216 3934 1270 3974 no·

237 3998 395 4054 tumeret.
1054 3999 1059 4006 ’

321 4081 352 4157 2)
383 4080 427 4139 De
449 4082 564 4142 rationo
594 4102 670 4162 quae
698 4082 778 4144 inter
806 4085 992 4145 Herodotum
1025 4090 1056 4146 et
1083 4085 1269 4145 Hecataeum

235 4163 400 4226 intercedat
422 4167 457 4225 ef.
482 4169 693 4230 Wiedemann:
717 4169 822 4231 Gosch.
836 4172 1020 4248 Aegyptam.
1044 4170 1168 4248 Leipzig
1187 4174 1268 4231 1880
