3120 4888
649 521 863 588 ..59-

238 689 290 772 55,
312 695 398 775 quod
421 694 488 759 sive
510 694 710 759 sermonibus
733 695 800 760 sive
817 694 1051 760 commentariis
1073 696 1277 762 sacerdotum

239 794 465 876 Delphicorum
480 797 591 863 deberi
606 815 705 879 supra
718 798 855 878 probare
871 796 976 862 conati
994 815 1115 879 sumus,
1138 803 1171 863 et
1193 799 1279 880 quod

240 897 341 978 Cyrus
363 893 497 985 ἡμίονος
517 901 538 966 i.
561 919 588 965 e.
611 899 778 982 Cambysis
810 904 842 964 et
864 900 1043 964 Mandanes
1072 900 1156 966 lilius
1177 899 1280 966 luisse

239 999 364 1080 dicitur,
386 1003 476 1066 cuius
500 1003 540 1067 de
562 1003 684 1085 origine
706 1003 787 1068 alios
810 1002 903 1068 aliter
925 1002 1080 1068 statuisse
1093 1002 1280 1068 Herodotus

241 1103 364 1168 sciebat
396 1103 436 1188 (l,
458 1105 522 1186 95).
566 1106 618 1171 Sic
639 1105 738 1185 igitur
761 1104 881 1169 sentio:
911 1105 1060 1170 Xanthus
1083 1105 1226 1171 narravit
1246 1107 1279 1170 iu

240 1223 350 1286 rogum
374 1208 560 1272 ascendisse
575 1207 727 1273 Croesum
750 1213 787 1271 ut
808 1207 969 1272 victimam
993 1205 1186 1287 reipublicae
1202 1207 1281 1274 San·

241 1307 316 1373 doni
339 1328 375 1374 se
397 1310 575 1390 praeberet,
598 1310 783 1375 Herodotus
800 1309 927 1375 Solonis
950 1308 1134 1374 memoriam
1156 1309 1282 1374 induxit

241 1415 274 1474 et
296 1413 430 1478 remita
454 1412 676 1492 commutavit,
700 1418 735 1477 ut
758 1413 841 1494 Cyro
864 1412 1029 1477 consilium
1051 1410 1152 1476 luisse
1173 1408 1282 1476 Croesi

241 1513 444 1579 comburendi
468 1515 623 1580 scriberet
653 1521 685 1602 et
709 1516 750 1579 ad
773 1515 932 1596 Apollinis
955 1531 1145 1597 responsum
1177 1514 1283 1579 adice-

240 1621 297 1696 ret,
319 1635 402 1698 quae
424 1618 495 1699 ipse
517 1618 652 1699 Delphis
676 1624 883 1700 compererat.

325 1718 432 1784 Rebus
456 1721 616 1803 Lydorum
646 1721 679 1784 in
702 1720 860 1800 capitibus
883 1721 1012 1788 92-94
1034 1719 1180 1786 adiunxit
1201 1739 1282 1785 uon-

240 1822 329 1885 nulla
351 1822 536 1888 Herodotus
560 1824 601 1888 de
623 1823 715 1887 donis
739 1822 860 1898 Croesi,
885 1825 925 1888 de
947 1821 1088 1887 moribus
1110 1823 1282 1904 Lydorum,

240 1925 281 1987 de
304 1925 444 2008 alyattis
466 1927 632 2007 sepulcro,
661 1943 744 2008 quae
768 1943 885 2004 magna
915 1929 1068 2008 exparte
1103 1943 1141 1989 ex
1162 1923 1283 1990 Xanthi

243 2026 391 2108 Lydiaois
422 2029 592 2111 desumpta
624 2047 779 2094 essenos
810 2028 956 2093 omnibus
987 2028 1179 2109 probaturos
1210 2045 1283 2092 esse

241 2129 437 2195 confidimus.
479 2131 711 2196 Firmissimum
736 2131 819 2195 enim
841 2131 925 2196 inest
947 2129 1163 2194 testimonium
1186 2127 1283 2209 capiti

241 2233 299 2311 92,
331 2232 383 2296 ubi
413 2233 510 2297 verba
542 2234 712 2299 Herodoti:
742 2232 783 2298 τὰ
814 2231 851 2298 δὲ
883 2225 1079 2319 ἀναθήματα
1110 2225 1282 2318 (Κροίσου)

242 2332 279 2414 ἐξ
298 2326 417 2418 ἀνδρὸς
435 2332 558 2418 ἐγένετο
581 2328 692 2421 οἰσιής
708 2333 836 2423 ἐχθροῦ,
861 2328 897 2412 ὅς
910 2329 940 2399 οἱ
959 2331 1038 2418 πρὶν
1055 2326 1075 2421 ἢ
1091 2333 1284 2416 βασιλεῦσαι

243 2429 497 2523 ἀντιστασιώτης
519 2434 710 2525 κατεστίγιεε
733 2433 924 2504 συσπεύδων
947 2434 1171 2502 Πανταλέοντι
1193 2433 1282 2520 γενέ-

243 2543 329 2603 σθαι
351 2537 408 2626 τὴν
430 2539 554 2606 Λυδῶν
575 2533 673 2628 ἀρχήν
697 2545 737 2605 ad
761 2525 836 2606 rem'
851 2547 1000 2624 spectant
1022 2559 1042 2604 a
1063 2539 1196 2605 Nicolao
1218 2539 1284 2602 Da·

242 2649 389 2707 masoeno
413 2641 465 2725 (fr.
489 2644 545 2725 63)
575 2644 626 2707 vel
656 2644 764 2725 potius
796 2663 816 2708 a
837 2643 966 2709 Xantho
990 2642 1116 2707 abunde
1139 2641 1283 2707 relatam.

243 2744 469 2826 „Sadyattem,
501 2746 693 2810 ditissimum
715 2747 877 2828 Lydorum
909 2749 1134 2822 mercatorem,
1165 2743 1283 2808 Croeso

246 2883 286 2891 —
311 2852 381 2910 erat
405 2847 486 2911 euim
503 2848 678 2929 periculum
702 2867 741 2912 ne
763 2848 850 2930 patri
871 2851 904 2911 in
926 2865 1025 2930 regno
1042 2846 1228 2912 succederet
1242 2881 1284 2892 —

242 2949 396 3030 pecunias
420 2950 498 3014 dare
521 2950 672 3026 uoluisse,
696 2951 750 3031 qui
772 2951 812 3014 ob
837 2967 906 3014 eam
930 2968 996 3013 rem
1019 2949 1120 3013 iratus
1135 2949 1284 3028 iurasset,

242 3069 312 3116 oum
335 3071 391 3115 rex
411 3051 517 3118 iactus
534 3058 632 3134 esset,
656 3044 691 3117 se
713 3053 782 3118 eius
799 3052 927 3118 divitias
944 3051 1066 3116 Dianae
1081 3051 1241 3132 Ephesiae
1255 3053 1284 3131 1)

242 3162 500 3220 consecraturum
523 3174 612 3236 esse;
636 3155 721 3237 quod
743 3161 857 3236 postea
879 3153 1053 3219 evenisset
1075 3191 1118 3201 -
1141 3155 1286 3234 Apparet

241 3256 339 3336 igitur
361 3257 421 3322 hoo
443 3258 512 3322 loco
535 3258 606 3322 luce
629 3257 745 3322 clarius
768 3257 966 3324 Herodotum
990 3256 1022 3320 iu
1046 3253 1284 3347 conscribendis

242 3359 386 3424 historiis
408 3359 529 3425 Xanthi
550 3360 700 3442 Lydiaois
724 3378 794 3426 esse
817 3378 917 3425 usum.

329 3564 490 3629 Summam
513 3564 669 3630 faciamus
693 3564 979 3646 argumentationis
1009 3562 1155 3629 nostrae!
1200 3561 1285 3626 Xan-

242 3670 327 3748 thus
350 3667 494 3750 quamvis
510 3667 675 3732 Herodoto
697 3669 728 3732 in
745 3667 904 3733 suavitate
919 3666 1044 3731 dicendi
1066 3665 1194 3730 cederet
1217 3664 1286 3729 sine

243 3772 347 3852 dubio,
370 3779 486 3851 tamen,
508 3771 593 3851 quod
617 3789 655 3834 ex
676 3769 882 3850 fragmentis,
904 3787 986 3851 quae
1010 3769 1096 3850 apud
1118 3767 1285 3832 Nicolaum

243 3879 378 3957 exstant,
402 3873 508 3956 colligi
524 3876 639 3954 possit,
661 3890 766 3936 rerum
782 3877 983 3936 narratarum
1007 3888 1077 3936 cum
1101 3870 1194 3952 copia
1216 3874 1284 3933 tum

243 4012 445 4024 ——-——

330 4098 360 4176 1)
382 4099 527 4159 Herodoti
550 4099 593 4160 ait
615 4099 715 4157 Croesi
740 4100 818 4156 dona
841 4097 950 4157 fuisse:
985 4093 1017 4156 ἐν
1045 4087 1164 4178 Ἐφέσῳ
1194 4093 1229 4154 αἵ
1258 4115 1287 4154 τε

241 4175 311 4259 βόες
332 4181 365 4241 αἱ
374 4180 497 4271 1χριισέαι
520 4180 570 4244 καὶ
593 4184 652 4243 τῶν
675 4176 787 4242 κιόνων
809 4179 843 4240 ui
855 4179 968 4241 πολλαί.
