3120 4888
617 491 830 557 ..33-

208 661 294 726 loris
316 666 350 727 et
373 660 542 730 Alcmenae
563 661 680 745 filium,
712 664 770 730 eed
791 664 886 730 deum
917 681 1010 747 quem
1032 663 1115 746 Lydi
1144 663 1245 747 „San-

207 763 300 846 don“,
322 763 447 847 Assyrii
468 763 637 845 „Sandan“
659 765 830 846 vocabant,
862 765 946 832 inter
967 785 1076 834 omnes
1098 771 1244 834 constare

207 866 298 932 video
313 864 353 949 ¹).
397 866 445 932 Ex
460 867 593 950 Assyria
614 884 739 948 quoqne
753 866 897 949 prolecta
918 873 992 934 sunt
1014 868 1141 934 nomina
1164 867 1245 950 „Be-

207 968 288 1048 lus“‚
317 986 379 1049 quo
402 969 525 1051 Assyrii
548 967 727 1036 Sandanem
750 969 912 1053 appellare
934 970 1087 1049 solebant,
1115 976 1149 1037 et
1170 969 1245 1050 „Ni-

207 1072 294 1149 nus“‚
326 1087 420 1150 quem
442 1070 517 1136 Nini
539 1071 626 1137 urhis
657 1077 690 1139 et
719 1072 809 1154 regni
839 1072 1035 1139 conditorem
1066 1071 1244 1154 habebant;

206 1172 315 1238 Alcaei
337 1178 456 1254 autem,
478 1173 627 1238 Herculis
648 1172 724 1254 filii,
746 1175 872 1241 nomine
894 1175 937 1240 ad
959 1175 1098 1241 Graecas
1119 1171 1244 1240 fabulas

206 1275 371 1354 reicimur,
405 1275 480 1358 quia
508 1279 542 1342 et
571 1275 812 1358 Amphitryonis
841 1277 927 1358 patri
958 1281 991 1341 et
1021 1277 1086 1359 ipsi
1114 1275 1244 1342 Herculi

206 1377 311 1458 prima
348 1377 488 1458 pueritia
521 1377 581 1443 hoc
613 1396 726 1444 nomen
764 1377 948 1460 impositum
984 1377 1084 1446 fuisse
1116 1379 1243 1444 dicitur.

207 1482 358 1545 Attamen
382 1478 525 1544 dubitari
546 1498 608 1545 non
630 1484 747 1561 potest,
769 1480 844 1562 quin
867 1478 941 1544 hnic
955 1479 1244 1546 vetustissimorum

206 1599 317 1663 regum
340 1582 502 1647 stemmati
524 1582 695 1647 intestinae
718 1587 751 1646 et
773 1581 966 1648 domesticae
988 1581 1117 1648 fabulae
1138 1582 1243 1664 Lydo-

206 1702 277 1748 rum
300 1683 444 1764 suhsint;
467 1701 602 1764 namque
624 1687 726 1750 testes
748 1691 822 1750 snnt
844 1683 956 1750 Manes
978 1688 1013 1748 et
1026 1684 1118 1768 Atys,
1140 1683 1243 1766 Phry·

206 1803 281 1866 gum
304 1784 377 1866 dei,
408 1789 507 1850 testes
529 1785 625 1850 Belus
647 1792 680 1852 et
702 1786 822 1866 Ninus,
853 1804 932 1867 quos
955 1791 1126 1868 propterea
1148 1787 1242 1853 seriei

206 1887 384 1970 principum
413 1887 587 1968 Lydiorum
617 1887 735 1954 inditos
765 1905 833 1954 esse
862 1887 1033 1954 verisimile
1064 1893 1128 1969 est,
1157 1889 1242 1972 quod

207 1989 314 2070 Gyges
335 1992 369 2054 et
391 1989 498 2073 Ardye
519 1989 717 2072 aliquamdiu
739 1991 940 2072 Assyriorum
970 1990 1103 2071 imperio
1130 2009 1243 2073 parue-

205 2096 296 2171 runt,
326 2091 417 2156 cuius
446 2093 493 2157 rei
515 2093 631 2158 notitia
652 2098 814 2158 vetustate
835 2110 987 2175 oppressa
1016 2092 1121 2158 titulis
1142 2111 1243 2176 nuper

206 2193 343 2275 repertis
365 2195 407 2258 ad
427 2211 483 2259 nos
498 2193 699 2279 pervenic2).
743 2193 832 2270 Quae
855 2213 925 2261 cum
948 2194 996 2260 ita
1018 2194 1084 2260 sint
1105 2213 1165 2261 non
1189 2213 1242 2262 ye-

206 2296 341 2362 rendum
364 2301 474 2362 estne
497 2301 617 2362 temere
645 2297 748 2377 egisse
771 2297 937 2364 videamur
969 2297 997 2364 si
1018 2297 1243 2364 statuerimus:

208 2398 344 2475 Sandon‚
367 2418 428 2464 non
450 2398 615 2479 Hercules,
638 2399 670 2465 in
692 2398 811 2466 tabulis
833 2419 943 2484 regum
965 2399 1136 2484 Lydiorum
1160 2399 1243 2466 ohti-

207 2499 279 2564 nuit
299 2500 438 2583 primum
460 2501 562 2568 locum
575 2504 622 2583 ³),
652 2503 738 2584 quod
764 2502 827 2567 iarn
859 2521 917 2585 per
938 2520 972 2568 se
995 2501 1163 2582 unicuique
1184 2520 1242 2584 pa-

206 2601 303 2683 tebit,
334 2610 367 2669 et
389 2603 571 2669 Herodotus
593 2621 664 2670 cum
694 2605 733 2672 de
756 2607 887 2687 Assyrio
909 2603 1047 2671 Hercule
1079 2623 1114 2671 se
1136 2604 1242 2673 dicere

207 2705 329 2772 nesciat
340 2705 383 2788 ⁴),
406 2714 566 2774 auctorem
581 2712 710 2773 secutus
732 2725 802 2774 esee
816 2707 979 2789 putandus
1001 2712 1060 2788 est,
1082 2707 1137 2788 qui
1159 2708 1243 2774 anti·

295 2861 531 2940 1)1)uncker1.
554 2861 575 2921 l.
596 2863 622 2936 1,
647 2868 718 2936 413,
741 2864 838 2922 Baehr
860 2864 896 2921 ad
919 2865 948 2922 h.
963 2864 992 2937 l.,
1015 2862 1099 2922 Stein
1122 2865 1158 2922 ad
1180 2863 1240 2925 h.l.

294 2951 326 3026 2)
349 2946 491 3008 Dunoker
512 2946 533 3007 l.
554 2947 573 3006 l.
597 2967 625 3024 p.
649 2953 727 3023 400,
759 2948 874 3024 Floigl:
896 2949 991 3027 (lyras
1023 2950 1084 3007 und
1105 2949 1243 3010 Herodot

208 3054 237 3110 p.
263 3035 321 3093 127
346 3055 359 3092 s
404 3079 411 3094 .

294 3117 326 3198 3)
348 3054 500 3180 Jiiannas
522 3117 623 3198 Lydus
646 3120 682 3179 de
703 3137 796 3178 mene.
820 3125 856 3192 3,
881 3122 920 3177 14
947 3118 1040 3179 refert
1069 3119 1175 3178 Sardes
1205 3121 1242 3178 ah

206 3205 263 3264 hoc
278 3205 399 3264 numine
415 3203 485 3264 eolis
500 3225 607 3264 nomen
624 3205 781 3281 accepisse,
804 3205 842 3264 of.
852 3203 994 3263 Duncher
1009 3223 1038 3280 p.
1052 3207 1113 3263 411
1130 3204 1198 3264 noc
1213 3208 1241 3264 ὅ.

293 3291 326 3368 4)
348 3291 491 3350 Graecum
514 3291 673 3350 Herculem
695 3294 733 3350 ah
755 3289 906 3369 Aegyptio
930 3289 1155 3348 discernendum
1178 3309 1242 3349 esee

207 3376 378 3436 Herodotus
401 3377 450 3448 11,
479 3379 603 3435 42-45
635 3376 785 3452 expressis
813 3375 914 3436 verbis
936 3375 1067 3450 explicat
1085 3381 1115 3435 et
1137 3375 1243 3453 Tyrios

207 3461 390 3541 Thasiosque
412 3461 571 3521 Herculem
595 3462 742 3541 quendam
763 3462 822 3519 iem
845 3465 913 3519 ante
936 3460 1014 3518 diem
1036 3460 1165 3519 natalem
1187 3459 1242 3519 filii

208 3547 372 3606 Alcmenae
395 3547 505 3607 divinis
527 3547 652 3606 coluisse
667 3547 831 3606 honoribus
854 3545 909 3622 (ΙΙ,
925 3543 978 3622 44)
1001 3545 1102 3619 refert,
1124 3545 1242 3606 nescius

208 3632 324 3692 scilicet
339 3634 419 3692 hunc
434 3632 617 3692 Phoenicum
637 3633 723 3692 deum
739 3631 865 3691 eundem
889 3650 953 3690 esee
975 3636 1066 3710 atqua
1080 3631 1241 3691 Herculem

206 3717 358 3795 Lydorum
388 3718 439 3796 (cf.
469 3718 588 3778 Dunclc.
620 3718 640 3778 l.
663 3718 683 3777 l.
714 3737 743 3796 p.
765 3718 827 3776 270
851 3734 934 3796 eqq.,
967 3737 997 3795 p.
1020 3715 1111 3793 41e);
1142 3735 1241 3796 neque

206 3803 383 3881 Scytharum
406 3805 502 3878 deum,
525 3803 578 3883 qui
601 3803 746 3863 Hercules
768 3803 939 3862 nominatur
961 3802 1015 3874 IV,
1032 3806 1082 3877 49,
1105 3807 1136 3862 et
1151 3802 1242 3862 Grae·

207 3907 274 3947 cnm
302 3891 423 3949 heroem
452 3889 484 3947 in
514 3909 606 3966 unum
637 3889 793 3948 confundit
822 3892 856 3947 ut
885 3887 1029 3946 Graecum
1061 3893 1091 3948 et
1112 3888 1241 3966 Lydium

207 3973 376 4035 Herculem.
437 3975 520 4040 Quae
552 3993 599 4033 ree
629 3993 694 4034 cum
724 3973 844 4033 Iardani
874 3976 904 4031 et
935 3972 1037 4031 Alcaei
1070 3973 1242 4033 nominibus

206 4061 425 4121 demonstratur
446 4068 510 4122 tum
533 4080 568 4121 eo
589 4063 715 4137 apparet
736 4060 814 4139 quod
831 4057 971 4117 Herculis
992 4061 1128 4132 aetatem,
1152 4078 1240 4138 quem

207 4146 368 4222 nongentis
390 4145 477 4206 annis
505 4151 576 4208 ante
603 4145 701 4224 ipsum
727 4145 840 4208 vixisse
863 4147 978 4216 censet,
1009 4144 1182 4205 Herodotus
1203 4163 1242 4203 ex

953 4317 956 4324 Α
1018 4251 1036 4304 8
