3120 4888
680 511 893 576 ..14-

274 676 337 759 pho
358 696 436 744 sane
449 679 679 762 admirabilem,
702 698 773 748 enm
796 683 918 748 meritis
933 682 1081 749 laudibus
1099 684 1216 750 clatum
1239 703 1308 752 esse

274 781 314 846 ab
344 781 572 862 Eratosthene,
600 784 671 865 quis
701 784 890 868 impugnet?

347 885 600 952 Fundamentum
619 894 781 968 tamqnam
799 887 954 953 historiae
969 889 1129 969 Lydorum
1145 909 1165 958 a
1179 890 1308 956 Xantho

273 986 449 1054 subiectum
468 1007 538 1054 esse
554 989 800 1072 descriptionem
818 996 933 1072 terrae,
956 1011 1019 1074 qua
1040 989 1180 1073 flumina,
1203 995 1308 1074 aedes,

272 1089 391 1172 oppida
407 1092 527 1174 Lydiae
540 1092 816 1173 enumerabuntur,
838 1112 877 1158 ex
893 1093 1097 1162 multitudiue
1114 1093 1309 1176 fragmento-

272 1209 353 1271 rum,
366 1192 489 1275 quibus
504 1194 630 1260 urbium
646 1203 770 1260 motum
793 1201 826 1260 et
844 1195 1008 1262 fluminum
1030 1198 1156 1263 uomina
1178 1216 1308 1264 servan·

274 1303 336 1373 tur,
358 1297 535 1378 computari
558 1316 667 1380 posse,
690 1317 750 1364 non
773 1306 824 1365 est
845 1318 903 1366 cur
926 1318 1092 1381 regemne,
1114 1319 1306 1384 quamquam

273 1397 353 1463 nihil
375 1399 483 1465 obstat
503 1402 671 1482 quominus
693 1421 821 1468 cansam
845 1403 914 1468 cius
936 1404 991 1485 rei,
1015 1421 1085 1469 cum
1107 1404 1208 1469 maior
1232 1422 1308 1487 pars

272 1500 396 1567 illorum
419 1503 668 1585 fragmentorum
692 1505 854 1587 Stephano
878 1505 1033 1589 Byzantio
1064 1506 1238 1588 debeatur,
1268 1525 1307 1571 cx

273 1622 402 1671 munere
424 1606 520 1672 buius
543 1606 758 1689 lexicographi
781 1615 972 1690 repetamus.
1016 1609 1126 1691 Neque
1148 1609 1228 1674 satis
1249 1609 1307 1675 ba-

273 1706 380 1774 buisse
394 1708 557 1775 Xanthum
580 1709 742 1793 Lydorum
759 1711 917 1794 explicare
935 1713 1037 1792 sedes,
1059 1713 1115 1777 sed
1132 1711 1307 1794 respexisse

273 1827 344 1874 enm
367 1811 495 1895 saepius
517 1813 715 1894 adpopulos
737 1814 837 1897 Lydis
857 1813 1019 1895 finitimos,
1041 1822 1078 1881 nt
1099 1817 1140 1879 ad
1163 1813 1306 1896 Phryges

274 1911 326 1995 (fr.
342 1914 372 1996 6,
388 1914 431 1997 i),
453 1915 567 1997 Lycios
583 1915 695 1998 (1124,
708 1917 771 1996 26),
796 1915 1023 2002 Mysusque),
1046 1917 1153 2000 Syrios
1175 1915 1227 1996 (ir.
1241 1915 1307 1998 23),

273 2015 351 2096 ipsis
370 2016 607 2084 demonstratur
623 2018 817 2102 fragmentis.
856 2020 978 2088 Deinde
993 2039 1063 2088 cum
1085 2021 1126 2085 ad
1143 2038 1193 2086 res
1209 2038 1229 2086 a
1243 2019 1307 2100 Ly-

273 2118 323 2182 dis
353 2125 461 2200 gestas
489 2120 719 2202 aggrederetur
744 2124 920 2188 narrandas
948 2124 990 2189 ab
1013 2123 1147 2189 historia
1168 2121 1308 2188 fabulari

273 2219 324 2299 (ir.
341 2221 416 2306 9)¹)
438 2222 563 2288 initium
587 2225 672 2306 cepit
695 2243 795 2308 neque
826 2226 934 2291 omisit
956 2225 1149 2291 Graecorum
1171 2223 1307 2302 fabulas,

273 2342 354 2405 quae
373 2326 414 2390 ad
434 2326 541 2410 Lydos
566 2328 616 2394 vel
633 2328 794 2410 Lydorum
817 2335 923 2394 terras
946 2329 1107 2412 pertinere
1123 2315 1308 2394 riderentur

272 2425 387 2509 (11.9,
422 2428 480 2509 13,
503 2431 569 2512 23).
621 2429 701 2496 Tum
733 2433 775 2496 ad
797 2431 911 2498 Troica
939 2432 1069 2498 devenit
1099 2431 1214 2514 (Sobel.
1245 2429 1309 2494 Eu·

272 2530 331 2614 rip.
362 2535 460 2598 Andr.
496 2535 552 2614 10,
581 2532 620 2600 fr.
651 2535 684 2615 8)
714 2542 747 2601 et
779 2535 943 2619 Phrygum
972 2537 1004 2604 in
1036 2536 1113 2600 Asia
1143 2553 1182 2598 ex
1203 2532 1307 2597 Mace

273 2634 368 2699 donia
390 2637 721 2717 transmigrationem,
753 2638 958 2702 Troianorum
981 2645 1117 2714 terram,
1148 2632 1248 2716 Mysis
1270 2653 1308 2698 ex

273 2735 410 2818 Olympo
442 2744 548 2804 monte
577 2738 754 2820 propulsis,
791 2738 832 2804 ab
863 2739 903 2804 iis
932 2744 1119 2820 occupatam
1150 2754 1308 2820 novosque

273 2839 460 2923 populorum
482 2838 561 2906 fines
582 2841 754 2922 descripsit
785 2840 838 2926 (fr.
861 2843 891 2921 b,
914 2841 966 2925 8);
996 2848 1064 2907 tum
1088 2842 1129 2907 de
1151 2839 1307 2924 antiquis·

273 2941 362 3007 simis
383 2943 545 3024 Lydorum
568 2943 706 3027 regibus,
729 2963 809 3028 quas
823 2944 974 3024 habebat,
997 2945 1196 3010 narrationes
1218 2941 1308 3008 labn-

274 3043 378 3108 larum
402 3045 511 3127 plenas
534 3046 659 3112 retulit:
682 3048 723 3113 de
738 3047 860 3114 Alcimo
883 3046 936 3131 (fr.
954 3048 1019 3130 10),
1032 3047 1153 3129 -Mopso
1175 3044 1228 3132 (fr.
1245 3046 1308 3124 12),

276 3145 440 3213 (lamblete
463 3147 515 3228 (fr.
539 3150 603 3229 19),
626 3149 700 3213 iude
722 3167 815 3230 nero,
837 3168 900 3231 quo
922 3150 1138 3227 descenderit,
1161 3169 1200 3216 ex
1221 3149 1307 3231 frag-

274 3250 407 3332 mentis,
437 3269 519 3332 quae
540 3251 599 3318 snb
621 3253 746 3317 nominc
767 3252 889 3318 Xanthi
912 3252 1075 3331 feruutur,
1109 3252 1308 3318 nullomodo

275 3353 381 3436 colligi
404 3360 531 3438 potest,
554 3355 614 3421 etsi
636 3374 694 3437 per
716 3373 750 3420 se
771 3355 937 3438 probabile
958 3356 1002 3423 sit
1025 3356 1185 3439 Lydorum
1208 3354 1308 3421 bisto-

274 3456 340 3522 rias
362 3474 433 3521 cum
455 3458 618 3538 usquead
641 3457 789 3524 Croesum
811 3465 845 3524 et
867 3458 984 3542 (lyrnm
1007 3459 1188 3526 deduxisse.

364 3596 393 3673 1)
424 3595 498 3668 hui,
530 3605 564 3656 ut
586 3597 778 3670 Weloherna,
808 3598 1007 3658 narrationem
1036 3599 1073 3659 de
1105 3600 1307 3657 hermacorum

275 3682 390 3759 origine
412 3683 567 3741 admodum
591 3681 765 3757 mirabilem,
788 3701 864 3762 qnae
886 3685 918 3742 in
941 3685 978 3744 fr.
1000 3689 1018 3742 9
1042 3684 1159 3760 legitur,
1182 3704 1242 3743 non
1265 3683 1310 3742 of·

274 3769 411 3828 fensiona
432 3787 537 3828 vacare
560 3769 702 3844 putat,¹is
719 3769 918 3844 fragmentum
940 3770 1014 3829 illud
1036 3769 1177 3830 tumemus
1193 3769 1308 3828 Xanthi

275 3854 413 3934 reliquiis
431 3854 574 3913 insertum
596 3873 660 3914 esse
682 3854 897 3916 reminiscatur.
942 3857 976 3914 ld
999 3855 1078 3914 enim
1102 3875 1166 3914 cunr
1189 3857 1308 3915 unicum

277 3941 316 3999 sit
337 3941 534 4015 fragmentum
558 3942 637 4020 quod
660 3939 776 3998 Xanthi
799 3941 919 4000 nomine
941 3941 1117 4016 inscriptum
1138 3941 1170 3999 in
1186 3941 1309 4020 Etyma·

275 4025 371 4100 logico
395 4045 501 4101 magno
523 4025 709 4094 inveniatur,
734 4045 798 4085 oum
822 4046 919 4108 neque
941 4027 1081 4086 Xanthus
1102 4027 1226 4104 Lydius,
1259 4027 1309 4087 sod

275 4111 416 4171 Xanthus
438 4111 565 4191 quilibet
596 4131 650 4188 pro
673 4111 737 4171 eins
759 4124 878 4172 anctore
900 4113 1050 4186 tradatur,
1083 4131 1181 4194 nequa
1212 4114 1310 4192 operis

275 4200 355 4258 unde
377 4197 503 4274 potitum
525 4197 574 4271 sit,
595 4217 693 4277 noque
715 4199 830 4257 numeri
853 4197 923 4258 libri
945 4198 1057 4258 mentio
1079 4197 1148 4274 flac,
1169 4199 1242 4280 quid
1263 4203 1310 4259 ost

276 4304 328 4344 cnr
349 4285 386 4344 ad
407 4283 523 4344 Xanthi
545 4284 677 4363 Lydiaca
698 4284 885 4345 referendum
908 4303 972 4344 esse
994 4283 1148 4345 credatur?
