3120 4888
630 461 842 528 ..21-

217 634 384 718 praeclare
405 637 516 716 gestae
538 632 679 700 breviter
700 631 937 715 referebantur3
968 634 1057 702 vides
1083 653 1179 716 quam
1201 654 1254 701 ac-

220 737 421 804 commodata
450 737 515 802 siut
537 735 649 802 talium
671 737 832 803 annalium
855 736 1014 804 scribendi
1035 739 1255 804 consuetudini

223 840 303 906 haec
325 843 491 920 excerpta:
504 831 633 926 ’Ἀρδυς
653 837 714 925 μὲν
735 834 934 923 βασιλεύσας
955 834 1177 926 ἑβδομήκοντα
1198 835 1254 926 ἔτη

218 936 375 1028 inicam,-
406 938 466 1006 ἐπὶ
487 936 612 1029 Maiiam
642 939 679 1008 δὲ
699 937 955 1026 βασιλεύσαντος
977 942 1101 1010 Λυδῶν
1124 937 1255 1029 σφόδρα

221 1040 367 1129 ἐλίμηνεν
388 1037 407 1130 ἡ
430 1040 545 1110 Λυδία
566 1043 624 1110 καὶ
646 1040 677 1110 oi
699 1038 876 1134 ἅνθρωποι
900 1043 959 1111 ἐπὶ
979 1041 1135 1131 μαντείας
1156 1040 1253 1130 ε’τρυὶ-

220 1169 324 1212 ποντο
346 1145 499 1227 (Dindorf
516 1168 549 1230 p.
568 1148 620 1230 31,
645 1149 800 1228 13-16);
823 1153 856 1214 et
879 1143 1099 1235 συνηρίθμησυ
1119 1145 1176 1213 καὶ
1198 1144 1254 1212 τὸν

222 1244 355 1316 Λύδιον
377 1246 517 1336 στρατὸν
538 1245 698 1337 δ’Ἀρδυς
719 1248 777 1316 καὶ
797 1243 890 1338 ηὗρεν
911 1245 957 1327 ὥς
979 1272 1063 1337 φασι
1083 1253 1171 1333 τρεῖς
1192 1276 1254 1335 μυ-

123 1365 137 1388 ·
220 1347 338 1436 ριάδας
361 1347 493 1418 ἱππέων
521 1353 630 1433 (Dind.
652 1372 683 1435 p.
708 1355 760 1434 30,
782 1356 824 1419 27
846 1355 939 1437 sqq),
969 1353 1002 1418 in
1024 1354 1139 1435 quibus
1161 1353 1189 1419 si
1212 1355 1254 1419 ad

219 1455 347 1522 dicendi
367 1473 467 1538 genus
494 1456 629 1538 respicis
657 1454 755 1522 fontis
787 1456 937 1539 colorem,
970 1455 997 1522 si
1027 1457 1069 1522 ad
1097 1455 1254 1522 exercitus

220 1576 385 1624 numerum
408 1557 579 1624 ueritatem
608 1559 773 1640 praeclare
801 1577 948 1627 seruasse
968 1559 1118 1624 Xanthus
1138 1562 1254 1640 putan-

220 1661 282 1726 dus
304 1665 369 1741 est;
399 1680 474 1726 nam
495 1661 726 1744 posterioribus
748 1662 946 1746 temporibus
975 1660 1183 1728 barbarorum
1205 1677 1255 1724 re-

218 1781 293 1846 gum
317 1764 475 1830 exercitus
506 1770 540 1830 et
562 1766 719 1833 communi
740 1765 826 1832 fama
857 1772 890 1832 et
911 1765 1103 1847 scriptorum
1124 1762 1254 1830 menda-

219 1866 277 1931 ciis
300 1865 455 1932 immensa
477 1867 682 1933 multitudiue
704 1868 866 1934 homiuum
888 1866 986 1934 fuisse
1007 1864 1203 1932 ferebantur.

303 1969 414 2050 Neque
434 1988 510 2037 vero
532 1990 569 2036 eo
591 1971 825 2052 procedendum
847 1975 905 2050 est,
927 1977 964 2036 ut
985 1967 1108 2052 omnia,
1130 1986 1254 2050 quaec

218 2071 350 2137 Nicolao
373 2072 531 2139 derebus
561 2073 603 2137 ad
626 2074 732 2155 Lydos
753 2073 988 2155 pertinentibus
1017 2071 1209 2152 traduntur,
1236 2088 1254 2135 e

217 2173 339 2240 Xanthi
370 2174 519 2257 Lydiacis
549 2176 653 2259 petita
682 2193 753 2242 esse
782 2193 976 2242 censeamus
1026 2174 1141 2241 Insunt
1169 2173 1253 2239 enim

217 2277 286 2343 eius
308 2276 495 2357 fragmentis
517 2278 715 2346 narrationes
737 2279 909 2361 quaedam,
932 2296 1013 2360 quae
1036 2277 1254 2356 incorruptum

218 2385 251 2443 et
273 2378 448 2462 simplicem
470 2382 588 2447 veteris
610 2380 799 2465 logographi
821 2399 996 2448 sermonem
1019 2398 1081 2446 non
1103 2377 1254 2458 referunt,

218 2482 427 2564 posterioriua
442 2483 560 2550 aetatis
576 2485 701 2551 auctori
716 2484 818 2567 magia
833 2484 1032 2551 conveniunt.
1074 2480 1157 2547 Nam
1173 2498 1255 2562 quae

217 2583 395 2666 fragmento
410 2587 607 2667 sexagesimo
623 2588 663 2654 de
678 2586 829 2668 Magnete
850 2590 957 2670 poeta,
980 2584 1064 2668 Gygi
1081 2584 1255 2663 carissimo,

218 2689 259 2754 de
280 2688 460 2756 Thracesiis
483 2689 523 2754 ab
539 2689 671 2772 Alyatte
692 2709 732 2756 ex
746 2690 853 2774 Mysia
874 2690 907 2755 in
929 2689 1064 2771 Lydiam
1086 2685 1255 2752 transduc-

218 2789 261 2855 tis
287 2788 466 2872 lragmento
496 2793 732 2875 septuagesimo
762 2796 934 2858 narrantur
965 2790 1109 2858 versibus
1140 2793 1255 2855 ornata

181 2911 184 2920 ·
219 2893 313 2958 etin
342 2895 589 2960 ostentationem
617 2901 820 2978 comparata,
849 2913 888 2960 ea
916 2914 935 2961 e
962 2891 1084 2960 Xanthi
1106 2889 1256 2973 Lydiacia

218 2993 347 3061 fluxisse
367 2996 431 3062 iam
454 2996 494 3062 ob
516 3016 587 3066 eam
610 3017 676 3064 rem
699 3016 816 3081 negare
831 2997 925 3079 licet,
948 2996 1034 3080 quod
1055 2996 1089 3061 in
1110 2993 1150 3060 iis
1172 2993 1256 3058 deai-

218 3099 389 3181 derantur,
418 3118 500 3181 quae
522 3101 555 3165 iu
577 3099 765 3183 fragmentis
795 3119 815 3166 a
843 3100 935 3167 nobis
956 3096 1086 3168 Xantho
1114 3094 1256 3176 tributis,

216 3199 346 3282 saepius
369 3201 575 3270 inveniuntur
596 3203 733 3287 vestigia
763 3203 894 3269 dialecti
923 3199 1101 3276 Ionicae²).
1145 3197 1256 3281 Neque

218 3303 392 3386 quidquam
416 3307 519 3388 magis
547 3304 699 3373 abhorret
730 3307 771 3373 ab
801 3304 1020 3389 antiquissimo
1042 3299 1256 3384 Lydiacorum

218 3410 364 3489 auctore,
395 3409 450 3492 qui
472 3410 548 3475 dum
571 3407 778 3491 intellegatur
807 3409 885 3490 quid
913 3407 1017 3488 dicat,
1048 3402 1146 3472 verba
1176 3401 1256 3467 nihil

219 3544 423 3557 ——-—

307 3615 336 3693 1)
359 3615 461 3677 Utitur
483 3617 623 3678 Nicolaus
645 3618 693 3678 his
714 3618 788 3678 locis
810 3615 957 3678 Genetivo
978 3613 1092 3687 Ionica,
1115 3633 1181 3673 cum
1203 3631 1257 3670 uo·

218 3699 317 3773 αιὶυα,Α
349 3721 425 3781 quac
451 3703 484 3762 in
505 3704 620 3764 litteras
643 3709 717 3780 ,,ης“
740 3707 867 3777 exeunt,
899 3702 1016 3762 casibus
1037 3701 1189 3773 immutat3
1219 3697 1255 3757 of.

217 3805 247 3861 p.
272 3785 312 3845 27
337 3787 446 3848 Dina:
469 3783 648 3847 Ennianistam
671 3789 724 3848 τοῦ
747 3786 861 3848 Λυδῶν
883 3783 1043 3863 βασιλέωςς
1076 3805 1107 3861 p.
1130 3789 1170 3843 30
1194 3776 1257 3840 Δά-

217 3873 327 3940 cavaeo
349 3867 453 3950 Γύγεα
476 3871 560 3953 γένος
582 3868 789 3952 Μερμνάδηςς
819 3894 850 3950 p.
874 3876 911 3932 31
938 3868 989 3932 tot
1012 3864 1126 3948 Μήλεω
1149 3863 1181 3928 δὲ
1204 3866 1258 3944 βα-

218 3950 425 4030 πλεύσαντος,Ι
456 3960 489 4019 in
516 3961 686 4020 narratione
715 3966 814 4020 autem
844 3959 880 4019 da
902 3959 1044 4034 Magneta
1065 3959 1155 4034 podta
1175 3953 1258 4013 nulla

218 4044 348 4104 occurrit
369 4043 488 4108 dialecti
510 4047 631 4107 Ionicae
653 4047 756 4119 forma,
781 4053 812 4106 et
832 4044 885 4105 illa
907 4046 944 4104 de
959 4041 1136 4104 Thracesiae
1159 4040 1257 4116 gentis

219 4127 336 4204 origine
357 4129 465 4208 incipit
485 4133 548 4194 his:
572 4128 622 4193 lot
643 4121 764 4212 ’ἡμερῶν
784 4123 971 4191 Ἀλυάττου.
