3120 4888
643 463 856 532 ..27-

234 635 396 704 collocatis
426 651 538 701 nomen
560 633 756 718 „Tyrrheni‘
784 633 989 718 aTyrrheno
1019 636 1101 704 duce
1129 634 1269 718 accepis·

233 745 313 806 sent.
358 737 429 815 Qua
451 738 491 802 de
513 756 547 802 re
569 737 734 803 Xanthum
757 736 836 804 nihil
857 737 987 820 referre,
1009 738 1180 821 Dionysius
1201 737 1268 804 Ha-

232 841 472 908 licarnassensis
494 839 664 907 memoriae
686 840 855 923 prodit1),
878 859 978 924 neque
1001 841 1173 924 quidquam
1197 859 1268 906 nar-

233 961 307 1008 rare
329 961 401 1009 eum
423 943 464 1007 de
479 943 639 1026 Lydorum
656 942 824 1010 colonicio
839 942 967 1008 Italiam
982 943 1130 1010 deducta
1174 942 1269 1024 Atyis

232 1045 369 1112 liliorum
399 1045 589 1110 mentionem
611 1044 715 1112 iacere
745 1063 817 1110 eum
847 1045 984 1114 duorum
1006 1046 1089 1129 Lydi
1119 1050 1151 1111 et
1173 1045 1268 1110 Torr-

232 1148 316 1226 hehi,
338 1153 510 1231 utrumque
531 1167 606 1214 vero
636 1166 733 1230 regno
762 1147 865 1228 patris
894 1146 995 1214 diviso
1025 1149 1058 1213 iu
1081 1146 1159 1213 Asia
1179 1166 1268 1212 mau-

233 1252 313 1318 sisse
335 1255 368 1316 et
389 1271 428 1316 ex
449 1251 552 1316 altero
574 1255 662 1316 ortos
677 1267 746 1314 esse
760 1251 877 1332 Lydos,
900 1268 938 1315 ex
959 1250 1061 1316 altero
1076 1248 1267 1318 Torrhebos.

232 1391 275 1402 -
297 1354 449 1434 Quamvis
465 1353 625 1419 nominum
640 1352 879 1418 similitudinem
902 1356 1027 1418 tantam
1048 1369 1127 1432 esse,
1154 1356 1191 1417 ut
1212 1371 1269 1418 an-

233 1473 302 1521 sam
323 1455 477 1538 praebere
497 1460 607 1537 posset
629 1455 866 1538 Tyrrhenorum
889 1454 1043 1537 originem
1064 1473 1085 1520 a
1106 1453 1268 1520 Torrhebo

233 1559 393 1640 Lydorum
417 1577 491 1640 rege
513 1559 672 1624 deducere
693 1556 915 1622 Dahlmanuus
936 1559 1138 1636 concederet,
1167 1556 1268 1622 noluit

233 1667 340 1726 tamen
372 1660 542 1727 concedere
572 1658 642 1726 fieri
676 1660 837 1742 potuisse,
868 1664 905 1724 ut
935 1657 1117 1726 Herodotus
1148 1659 1268 1724 Xanthi

233 1763 446 1828 narrationem
477 1763 537 1828 sihi
565 1769 672 1828 uotam
695 1761 821 1828 silentio
842 1762 1042 1843 praeteriret
1085 1761 1170 1840 Quid
1192 1781 1268 1828 vero

232 1864 342 1931 obstat
376 1865 545 1947 quominus
573 1865 757 1931 Herodotus
789 1865 875 1947 ipse,
913 1883 984 1930 cum
1019 1865 1148 1932 aliunde
1177 1865 1268 1930 audi·

231 1966 330 2054 risset
369 1987 389 2033 a
429 1968 592 2052 Tyrrheno
623 1969 783 2049 Lydorum
823 1985 898 2048 rege
934 1967 1115 2050 Tyrrhenos
1153 1967 1268 2033 ducere

232 2070 395 2153 originem,
417 2090 484 2137 rem
509 2072 551 2137 ad
574 2068 791 2151 Torrhebum,
813 2069 907 2153 Atyis
931 2068 1051 2151 filium,
1076 2069 1158 2152 Lydi
1188 2068 1268 2136 frat·

232 2185 318 2253 rem,
358 2191 451 2256 quem
489 2193 506 2238 e
541 2173 648 2255 patria
685 2159 861 2253 emigrasse
899 2177 932 2238 et
968 2181 1131 2238 auctorem
1164 2171 1269 2252 gentis

231 2276 466 2343 Torrheborum
495 2275 593 2342 luisse
619 2276 706 2356 apud
735 2274 898 2341 Xanthum
931 2274 1069 2356 legerat,
1106 2273 1269 2341 rettulisse

232 2379 405 2444 credatur?
464 2378 561 2444 Patet
594 2378 677 2442 euim
711 2376 968 2444 narratiunculae
997 2375 1198 2443 Herodoteae
1228 2377 1268 2441 de

232 2480 331 2562 Lydis
361 2463 470 2563 inop'ia
499 2482 580 2547 adeo
611 2481 772 2563 oppressis
802 2487 839 2546 ut
866 2479 959 2544 iamis
988 2480 1150 2546 sedandae
1171 2496 1268 2546 eausa

230 2582 346 2665 pilam,
377 2585 498 2666 aleam,
527 2583 608 2650 alios
639 2583 732 2648 ludos
764 2582 824 2650 sibi
857 2582 1092 2664 excogitarent,
1126 2586 1267 2649 veterem

232 2687 395 2768 Lydorum
425 2687 566 2752 fabulam
595 2686 776 2770 subesse¹).
827 2685 958 2752 sivero
988 2683 1170 2751 Herodotus
1198 2683 1267 2765 ipse

231 2807 324 2870 reges
346 2788 545 2872 Tyrrhenum
568 2795 602 2855 et
615 2788 812 2855 Torrhebum
834 2787 866 2852 iu
889 2805 985 2852 unum
1008 2787 1187 2852 confudisse
1208 2804 1267 2867 pu·

230 2895 336 2971 tatur,
378 2890 441 2956 iarn
478 2892 672 2974 perspicitur
704 2910 761 2958 cur
800 2888 963 2956 Xanthum
1002 2889 1043 2953 de
1078 2887 1267 2968 migratione

231 2993 467 3075 Tyrrhenorum
499 2993 579 3060 nihil
610 2998 793 3060 narrantem
827 2991 954 3058 silentio
983 2990 1196 3072 praeterierit
1225 3025 1267 3036 -

231 3094 355 3160 Deinde
377 3095 597 3162 Dahlmanuus
619 3097 706 3162 litem
733 3095 873 3162 intendit
896 3094 1102 3172 Crenaero⁸)‚
1125 3092 1180 3174 qui
1203 3091 1267 3158 He·

231 3196 336 3261 rodoti
354 3196 460 3264 verbis
477 3199 502 3280 I,
518 3200 559 3265 93
580 3194 744 3283 θωύματα
765 3193 837 3286 dely
859 3201 897 3286 γῆ
918 3192 937 3286 ἡ
952 3193 1065 3282 Λυδίη
1080 3193 1115 3271 ἐς
1129 3214 1267 3281 συγγρα-

321 3354 351 3431 1)
373 3355 498 3434 antiqq.
522 3356 607 3414 Rom.
629 3355 655 3428 Ι,
679 3360 730 3414 28.

318 3439 351 3518 2)
374 3441 418 3500 ef.
448 3440 564 3500 Baehr:
597 3440 742 3500 Herodoti
775 3440 892 3513 Musae,
930 3440 990 3500 vol.
1020 3441 1037 3498 I
1070 3457 1184 3500 meurs.
1215 3437 1267 3498 ΙΙΙ

230 3546 262 3602 p.
280 3530 350 3584 839.
394 3525 559 3585 Laroherus
581 3533 717 3587 accurato
740 3527 878 3586 examine
901 3527 938 3584 ad
952 3525 1099 3585 Herodoti
1120 3525 1217 3584 locum
1240 3524 1265 3598 I,

232 3615 273 3670 94
296 3611 433 3671 instituto
456 3611 485 3689 (Ι
507 3630 536 3689 p.
561 3613 620 3672 377
645 3632 720 3692 sqq,
744 3618 805 3672 not.
829 3610 904 3690 266)
934 3611 1028 3672 sensit
1048 3612 1141 3685 „haec
1163 3611 1200 3670 de
1221 3610 1267 3670 in·

232 3696 345 3756 dustria
359 3699 396 3756 ab
412 3697 566 3757 Herodoto
581 3699 733 3776 Lydorum
748 3698 880 3775 ipsorum
902 3718 941 3757 ex
955 3697 1034 3756 fama
1054 3703 1086 3758 ct
1099 3697 1157 3756 fide
1172 3696 1249 3756 tradi
1258 3720 1266 3772 ;

232 3801 328 3861 eoque
350 3783 443 3857 magis
466 3783 560 3856 tradi,
592 3785 670 3862 quod
693 3783 745 3842 ille
766 3786 841 3843 haee
871 3783 1034 3843 aXantho
1066 3783 1201 3858 neglecta
1222 3783 1267 3843 vi·

232 3868 332 3930 disset.
375 3869 562 3928 Herodotum
590 3875 689 3928 autem
711 3869 828 3929 Xanthi
851 3869 1036 3928 narrationes
1058 3869 1163 3942 falsas,
1194 3888 1267 3949 quas

230 3954 356 4032 putabat
376 3953 562 4028 refellendas,
590 3954 756 4030 supplenda
778 3955 834 4014 sibi
857 3953 1017 4031 sumpsisse
1038 3953 1155 4014 monuit
1177 3956 1266 4014 Oreu-

231 4058 317 4100 zerus
339 4040 371 4098 in
393 4039 494 4117 Symb.
516 4040 551 4100 ΙΙ
573 4060 602 4117 p.
626 4044 686 4099 828
710 4044 792 4102 not“

319 4125 350 4204 8)
373 4125 509 4186 Oreuuer.
531 4126 601 4190 hist.
624 4126 729 4195 Graec.
750 4126 855 4203 fragm.
877 4147 906 4204 p.
932 4123 1055 4208 169l70.
