3120 4888
692 507 905 574 ‚54-

282 681 323 747 ad
354 685 496 746 nostram
533 669 725 744 sententiam
763 677 1011 744 confirmandam
1048 678 1206 744 advocare
1236 679 1320 761 licet,

282 786 335 866 qui
358 784 507 866 cognovit
529 801 602 849 esse
617 785 774 864 quasdam
798 786 907 863 partes
931 781 1037 863 operis
1053 781 1217 862 Herodoti,
1238 801 1319 864 quas

282 887 461 969 composuit
496 890 665 968 antequam
694 886 838 966 Delphos
867 885 1048 965 visisset1).
1089 921 1129 932 --
1159 885 1271 967 Neque
1300 905 1320 951 a

281 991 415 1073 Delphis
430 995 555 1056 tantum
571 992 779 1071 percontatus
801 994 852 1054 est
867 989 1051 1053 Herodotus
1067 1005 1140 1051 num
1158 989 1233 1069 quid
1255 1009 1320 1053 me·

282 1100 406 1159 moratu
430 1093 559 1175 dignum
583 1093 623 1158 de
646 1091 739 1156 donis
762 1111 782 1156 a
803 1092 894 1172 Lydo
916 1091 1023 1156 missis
1047 1091 1140 1155 etde
1165 1092 1320 1173 Apollinis

281 1197 447 1278 responsis
470 1197 598 1274 scirent,
621 1194 718 1258 etiam
742 1193 1039 1259 aLaeedaemoniis
1055 1193 1167 1258 audire
1188 1195 1322 1275 studuit,
1378 1187 1381 1193 ’

281 1316 363 1380 quae
385 1299 426 1363 de
446 1297 590 1379 ipsorum
613 1315 683 1362 cum
706 1295 825 1362 Croeso
855 1295 1008 1361 societate
1030 1302 1165 1376 possent
1185 1298 1321 1361 tradere.

282 1401 422 1478 Quorum
444 1401 647 1466 narrationes
670 1399 828 1480 capitibus
844 1399 894 1478 69,
911 1399 960 1479 70,
977 1399 1017 1464 83
1041 1398 1174 1463 subesse
1197 1405 1229 1464 et
1250 1399 1321 1479 ipse

281 1503 466 1570 Herodotus
488 1508 549 1586 (cp.
565 1503 621 1588 70)
644 1501 822 1585 profitetur,
845 1507 878 1566 et
898 1521 936 1566 ex
951 1506 1140 1582 argumento
1163 1505 1195 1566 et
1217 1503 1322 1567 colore

280 1607 422 1688 capitum
443 1606 569 1672 illorum
602 1607 683 1672 adeo
712 1609 818 1688 patet,
850 1611 886 1670 ut
914 1606 956 1670 de
983 1623 1022 1670 ea
1055 1622 1089 1669 re
1111 1605 1204 1685 plura
1225 1604 1323 1671 verba

280 1710 387 1776 facere
410 1710 691 1790 supersedeamus.

367 1813 472 1894 Caput
487 1814 527 1878 ll
549 1813 679 1876 Xantho
694 1815 866 1894 propterea
885 1811 1071 1890 addixerim,
1093 1810 1168 1892 quia
1190 1815 1222 1875 et
1241 1810 1321 1875 Sau-

282 1916 375 1980 danis
396 1915 543 1997 nomine,
576 1915 730 1996 sapientis
763 1913 849 1980 illius
872 1914 971 1995 Lydi,
1000 1915 1053 1995 qui
1076 1931 1205 1994 operam
1233 1915 1323 1979 dedit

282 2023 317 2083 ut
340 2018 491 2084 Croesum
515 2037 535 2083 a
557 2018 639 2083 bello
663 2017 791 2083 Persico
814 2017 985 2097 retineret,
1008 2035 1122 2080 nomen
1146 2016 1341 2100 „Sandan“,

281 2141 343 2204 quo
360 2140 502 2186 summus
519 2122 680 2203 Lydorum
697 2123 776 2209 deus
792 2119 949 2201 appellari
967 2119 1100 2199 solebat,
1123 2120 1215 2200 quasi
1239 2118 1323 2184 ultro

281 2225 313 2289 in
337 2225 521 2288 memoriam
550 2228 719 2289 revocatur
750 2227 782 2288 et
811 2223 885 2304 quia
916 2221 1034 2300 oratio,
1065 2221 1104 2285 ab
1136 2240 1173 2285 eo
1203 2221 1322 2303 habita,

282 2333 348 2391 tam
371 2327 451 2392 bene
473 2326 635 2409 Lydorum
658 2326 858 2408 superbiam,
890 2344 952 2406 qua
975 2324 1006 2388 in
1030 2325 1167 2404 PersaS,
1196 2329 1324 2405 gentem

282 2429 506 2512 asperrimam,
538 2435 606 2495 tum
637 2415 872 2510 despiciebant,
904 2429 1019 2492 reddat
1048 2431 1084 2490 ut
1115 2425 1323 2492 eamfictam

282 2549 355 2596 esse
377 2533 462 2597 haud
485 2533 670 2599 existimem.
714 2531 808 2597 Certe
837 2551 898 2597 non
932 2531 1092 2595 hominum
1124 2529 1323 2594 sermonibus

282 2635 447 2717 divolgata
473 2642 543 2700 erat
570 2636 712 2700 narratio
742 2653 797 2715 ea,
827 2653 890 2716 qua
913 2635 1033 2699 Persae
1055 2633 1205 2697 vestitum
1228 2631 1322 2696 coriis

284 2744 466 2804 consertum
498 2745 626 2821 gestare
655 2737 882 2816 tradebantur,
918 2737 971 2818 qui
1010 2755 1068 2818 per
1100 2745 1225 2801 centum
1257 2736 1322 2798 iam

283 2860 390 2926 annos
408 2841 538 2906 sinuosa
561 2845 650 2906 veste
667 2840 792 2906 Medica
814 2840 921 2906 amicti
941 2858 1013 2904 esse
1036 2839 1196 2918 solebant;
1221 2855 1324 2918 neque

283 2944 401 3008 cadunt
422 2943 454 3007 in
478 2943 604 3025 Persas,
626 2944 738 3025 quales
760 2941 947 3010 Artaxerxis
972 2948 1003 3007 et
1023 2941 1179 3006 Herodoti
1201 2946 1323 3021 tempo-

283 3045 372 3110 ribus
402 3050 507 3127 erant,
537 3048 617 3112 haec
645 3047 760 3113 verba:
791 3044 954 3112 σιτέονται
984 3038 1040 3110 οὐκ
1074 3039 1136 3109 ὅσα
1170 3042 1324 3110 ἐθέλουσι-

284 3140 354 3213 o'rtt'
378 3142 440 3212 ὅσα
462 3143 588 3230 tironos,
618 3144 725 3236 χώρην
747 3144 873 3229 ἐᾷοντες
895 3147 1038 3236 τρηχέαν.
1083 3145 1168 3234 πρὸς
1199 3145 1236 3212 δὲ
1264 3139 1322 3211 οὐκ

287 3244 369 3338 οἴνῳ
386 3248 606 3339 διαχρέωνται,
630 3244 716 3317 ἀλλὰ
731 3246 976 3334 ὑδροποτέουσι,
1001 3243 1037 3315 οὔ
1053 3253 1134 3315 obad
1156 3248 1193 3315 δὲ
1214 3245 1324 3331 ἔχουσι

284 3496 300 3553 Ι
322 3515 351 3571 p.
370 3500 420 3568 82,
445 3500 501 3566 86;
523 3495 634 3555 Cobet:
656 3495 852 3572 Mnemosyne
869 3494 918 3552 XI
939 3513 968 3570 p.
987 3497 1056 3566 123,
1079 3498 1233 3567 126131,
1255 3499 1322 3568 146,

288 3577 417 3662 157158,
448 3582 485 3639 ad
517 3581 662 3640 Herodot.
685 3582 736 3652 ΙΙ,
760 3587 793 3653 2,
820 3583 955 3653 15,45,
981 3583 1058 3652 131,
1085 3585 1160 3650 181;
1196 3580 1323 3640 Miiller:

285 3668 384 3741 Frgm.
407 3666 477 3726 hist.
502 3666 603 3724 Graec.
627 3667 754 3727 Praefat.
777 3686 805 3742 p.
833 3671 886 3737 14,
910 3666 1052 3724 Hecataei
1073 3665 1178 3739 frgm.;
1202 3669 1228 3738 l,
1251 3668 1322 3738 276,

286 3753 358 3822 278,
383 3757 453 3826 284,
479 3756 641 3823 aen-983
664 3752 852 3812 Cutrchmid:
874 3750 1022 3825 Philolog.
1045 3750 1084 3808 X.
1119 3751 1164 3808 De
1184 3769 1240 3812 rer.
1262 3753 1325 3808 Ae·

286 3839 448 3916 gyptiacar.
471 3839 664 3914 scriptoribus
686 3857 714 3914 p.
739 3842 809 3910 524,
835 3843 895 3895 534
917 3843 990 3908 otc.;
1019 3837 1058 3896 H.
1081 3837 1263 3896 Holldnder:
1286 3837 1322 3893 de

286 3925 392 3984 Hecat.
414 3924 510 3984 Miles.
534 3924 731 4000 descriptione
759 3928 865 3983 tarrae.
907 3923 1062 3984 Dissertat.
1094 3923 1215 3980 Bonnae
1241 3925 1319 3980 1861

285 4031 314 4086 p.
338 4015 420 4068 3-6
445 4017 515 4082 etc.;
538 4011 564 4070 J.
585 4010 684 4068 Krall:
708 4030 733 4069 z.
757 4009 853 4070 aweit.
877 4009 960 4068 Bueh
982 4010 1010 4068 d.
1034 4009 1178 4067 Herodot.
1223 4007 1320 4067 Wien.

285 4097 409 4156 Studien
431 4097 476 4156 IV
498 4117 527 4172 p.
552 4093 656 4178 tasas.

374 4183 404 4261 1)
427 4183 527 4244 Stein:
550 4183 647 4242 Praei.
670 4183 706 4240 ad
730 4181 874 4242 Herodot.
897 4171 914 4240 Ῐ
933 4198 964 4255 p.
989 4177 1094 4238 XXII.
