3120 4888
654 466 869 535 ...12-

329 635 479 704 Xanthus
501 657 595 721 quem
614 639 800 706 Artaxerxis
822 638 1020 723 temporibus
1034 637 1182 722 Lydiacie
1204 658 1275 706 con·

244 741 358 807 dendis
380 741 523 807 deditum
546 741 643 808 luisse
664 747 847 825 constat1),
876 761 934 824 per
963 743 1081 808 multas
1102 742 1198 808 Asiae
1220 743 1276 808 mi·

245 843 330 909 noris
350 844 491 924 regiones
520 844 582 910 iter
612 844 746 929 fecerat,
777 846 808 912 in
834 847 1079 912 Armeniamt
1044 851 1079 910 et
1106 863 1207 929 usque
1235 847 1277 910 ad

245 945 338 1011 Matt'
315 952 416 1012 trenos
438 954 630 1029 pervenerat
652 947 704 1032 (ιι.
727 949 770 1032 3)
814 948 901 1027 Quas
922 948 1004 1013 adiit
1025 954 1146 1030 gentes,
1169 967 1277 1014 earum

245 1067 362 1130 mores,
384 1050 470 1116 vitae
492 1052 744 1134 consuetudines,
766 1053 841 1220 qutin
864 1051 961 1116 etiam
983 1050 1124 1133 linguam
1146 1068 1278 1134 cognos-

244 1171 315 1218 cere
336 1153 475 1234 etuduit;
505 1171 632 1269 operam
658 1155 801 1221 deditu
779 1155 1035 1237 utcomperiret
1068 1155 1152 1219 unde
1173 1153 1277 1220 venie·

244 1261 325 1334 sent,
302 1257 432 1320 tunde
454 1255 606 1340 originem
628 1259 782 1324 ducerent
804 1257 857 1340 (ir.
880 1259 911 1337 5,
927 1257 1026 1337 8)et
1011 1257 1136 1323 tcordi
1157 1257 1187 1322 ei
1210 1263 1278 1322 erat

244 1357 369 1440 linguae
400 1359 589 1441 populorum
624 1362 873 1444 propinquorum
905 1362 988 1426 inter
1022 1379 1056 1426 se
1094 1377 1278 1441 comparare

245 1459 297 1545 (ιι.
321 1461 355 1544 8)
379 1467 413 1528 et
433 1461 597 1554 exquirere
624 1463 709 1530 unde
731 1464 861 1530 dialecti
883 1464 1004 1548 Lydiae
1027 1467 1118 1529 ortae
1140 1481 1208 1528 esse
1231 1461 1277 1528 vi-

244 1564 404 1630 derentur.
448 1565 658 1649 Quaecunque
680 1567 761 1633 adiit
783 1570 895 1647 terras,
918 1567 949 1630 in
972 1567 1027 1643 iis,
1059 1583 1141 1648 quae
1162 1569 1279 1630 natura

244 1665 392 1748 loci,·qui
413 1667 544 1750 fructus,
565 1670 643 1753 quid
665 1671 799 1754 insigne,
822 1670 899 1751 quid
922 1674 1033 1736 notatu
1050 1669 1179 1751 dignum
1194 1675 1278 1734 esset

245 1769 428 1837 acutissime
447 1772 620 1855 indagavit.
664 1774 700 1837 ln
717 1781 875 1839 terrarum
898 1770 1127 1839 mutationibus
1150 1789 1278 1836 cernen-

245 1872 311 1952 dis,
334 1891 396 1954 quo
418 1872 516 1942 fuerit
538 1877 700 1956 acumine,
726 1895 797 1943 cum
820 1896 859 1943 ex
880 1875 1058 1958 fragmento
1079 1874 1142 1955 42)
1173 1873 1278 1957 colligi
1401 1877 1404 1888 '

244 1980 370 2059 potest,
401 1982 470 2043 tum
500 1979 636 2045 maxime
665 1984 801 2064 apparet
827 1999 875 2046 ex
908 1978 1087 2061 fragmento
1116 1977 1191 2060 3³),
1224 1975 1279 2042 ubi

333 2183 363 2261 1)
387 2185 493 2246 Suidae
516 2189 552 2246 de
574 2188 698 2248 Xantho
720 2188 818 2248 locus:
841 2180 961 2256 Ξάνθος
979 2177 1157 2246 Κανδαυλου
1172 2177 1278 2253 Λυδος

246 2265 278 2328 ἐκ
302 2262 469 2371 Σάρδεων·
486 2267 614 2352 γεγονοις
637 2271 686 2332 ἐπὶ
708 2276 761 2350 τῆς
783 2266 920 2342 didiceras
942 2267 1093 2350 Σάρδεων.
1137 2262 1279 2330 Λυδιακά

245 2348 402 2432 βιβλιαδ,
437 2359 596 2435 corrigitur
625 2360 826 2421 οθιιιιιοιιο.
856 2351 1278 2436 ΧΠΙρ.391Λυδὸςμιν

246 2437 358 2521 λέγεται
380 2439 407 2500 εἰ
427 2438 459 2503 δὲ
482 2442 515 2504 ἐκ
535 2439 733 2522 Σάρδεων’
700 2467 757 2504 ουκ
779 2444 870 2521 ἴσμεν.
915 2447 1020 2527 Neque
1042 2446 1119 2504 bene
1142 2443 1282 2505 convenit

247 2527 351 2587 Suidas
374 2549 440 2588 cum
462 2531 607 2610 Dionysio
630 2531 1133 2610 Halicarn.quiXanthumt1nter
1156 2549 1205 2589 eos
1228 2549 1281 2588 no-

247 2613 355 2687 minat,
377 2615 437 2694 qui
468 2610 558 2696 άιιγρι
589 2613 784 2694 πρεσβύτεροι
816 2618 875 2674 τῶν
909 2616 1200 2690 Πελοποννησιακῶν
1229 2610 1280 2672 καὶ

246 2694 379 2776 μέχρι
344 2721 396 2774 της
413 2699 602 2761 Θουκυδίδου
619 2701 857 2780 παρεκτείναντες
879 2691 993 2776 ηιικίας
1015 2706 1100 2760 erant
1122 2697 1173 2778 (de
1188 2700 1280 2759 Thus.

248 2784 318 2847 hist.
339 2785 400 2847 iud.
424 2805 470 2864 cp.
494 2786 534 2866 5).
585 2787 659 2847 Rem
692 2789 735 2848 sic
765 2787 906 2863 expedire
937 2786 1033 2847 voluit
1055 2787 1218 2846 Orsuaerus
1247 2789 1281 2844 ut

247 2890 301 2947 pro
317 2865 469 2947 Σάρδεσιν’
487 2867 628 2972 Ἀθηνῶν
649 2874 805 2950 legendum
829 2891 893 2932 esse
907 2873 1064 2946 coniceret,
1044 2873 1139 2932 tsed
1153 2878 1188 2932 ut
1175 2871 1280 2931 tilii]-

247 2957 310 3015 lero
332 2958 465 3036 videtur,
495 2959 578 3019 ouius
600 2961 777 3020 sententiam
807 2960 891 3038 sequi
914 2959 1031 3031 malim,
1062 2959 1160 3017 minus
1189 2964 1279 3017 recte.

247 3042 383 3102 Ceterum
412 3063 479 3102 oum
508 3064 547 3103 ex
568 3045 604 3104 ιι.
629 3051 646 3104 3
675 3051 815 3122 appareat
837 3045 991 3103 Xanthum
1013 3047 1182 3104 Artaxerxe
1214 3062 1280 3118 reg-

246 3134 338 3189 nante
368 3129 536 3205 scripsisse
556 3132 591 3189 de
622 3149 657 3210 aa
658 3136 718 3191 tate
756 3131 820 3190 eius
849 3131 945 3189 acrius
974 3130 1115 3205 indagare
1147 3149 1281 3206 superse-

249 3214 376 3274 daamus.

334 3299 493 3376 2)strab0
523 3300 654 3445 XHP')
663 3301 723 3360 573
757 3257 884 3376 oqol‘
868 3322 883 3359 ο
912 3292 948 3357 τά
972 3293 1074 3358 Λύδια
1105 3292 1280 3401 συγγράψας

248 3378 371 3455 Ξάνθος
399 3377 654 3485 διηγούμενοςι
621 3407 683 3446 οαι
705 3382 862 3464 μεταβολαὶ
892 3381 1032 3489 κατέσχον
1060 3380 1199 3455 πολλάκις
1227 3377 1281 3460 τὴν

248 3490 346 3546 χωραν
367 3465 478 3546 ταύτην
506 3471 643 3550 (Lydiam
666 3479 697 3534 et
720 3474 891 3550 Phrygiam)
921 3493 964 3531 mv
988 3469 1122 3547 ἐμνήσθη
1144 3469 1197 3546 μιν
1219 3491 1280 3528 που

247 3552 298 3614 και
321 3553 352 3614 ἐν
373 3559 436 3627 τοῖς
450 3552 584 3635 πρόσθεν
605 3555 654 3617 και
678 3552 716 3634 δη
737 3555 786 3618 και
811 3579 846 3616 τα
839 3550 990 3634 11περι
958 3579 1011 3617 τον
1039 3559 1170 3631 Τυφῶνα
1192 3550 1278 3628 πάθη

248 3637 381 3701 ἐνταῦθα
410 3636 595 3718 μυθεύουσι,
627 3638 677 3702 καὶ
708 3638 778 3712 τούς
807 3635 961 3721 ’Arima
993 3643 1043 3702 και
1072 3662 1126 3719 την
1149 3643 1278 3698 Κατακε-

247 3722 397 3805 καομένην
419 3721 530 3828 ταύτην
553 3717 628 3786 εἶναι
650 3743 750 3801 φασιν.
773 3750 799 3788 κ.
816 3749 841 3789 τ.
856 3730 881 3788 λ
925 3727 1041 3794 Quibus
1064 3729 1098 3788 cf.
1121 3727 1173 3785 lib.
1196 3725 1279 3785 XIII

249 3834 279 3890 p.
304 3818 364 3873 628
387 3814 518 3890 regionis
540 3814 815 3874 (iatalrelmumenes
837 3815 1074 3891 descriptionem.
1210 3837 1212 3841 ·

334 3898 424 3978 3)ιι·.
449 3907 476 3974 3,
506 3901 611 3960 Strabo
634 3901 701 3977 Ip.
724 3905 782 3960 49·
817 3897 963 3958 Ταῦταδ’
986 3892 1078 3958 εἶπαν
1108 3888 1138 3970 (o
1158 3889 1278 3970 ’-Ερατο

247 3978 426 4085 σθινης)
392 4007 445 4064 την
468 3979 647 4063 Στράτωνος
670 3983 787 4044 ἐπαινεῖ
807 3979 897 4057 δοξαν
924 3985 978 4045 τοῦ
1000 3983 1140 4057 φυσικοῦ,
1163 3979 1215 4043 και
1237 3979 1280 4042 lo

249 4061 374 4133 Ξάνθου
395 4073 449 4131 τοῦ
471 4069 609 4131 Λυδοῦ·
635 4091 687 4130 rou
709 4066 762 4147 μιν
786 4064 910 4134 Ξάνθου
932 4067 1075 4147 ιιγονιος,
1107 4065 1155 4129 ἐπι
1173 4063 1280 4173 Αρια

247 4150 349 4242 ξιρξου
372 4155 510 4248 γενέσθαι
539 4151 688 4246 μέγαν’
652 4150 783 4246 αυημὸν,
807 4151 873 4218 o‘r'or'
896 4153 1023 4222 ἐκλιπεῖν
1045 4150 1198 4235 ποταμούς
1227 4151 1277 4218 και
