3120 4888
728 447 943 514 -40-

315 619 552 705 pronuntiantis
573 619 720 702 quintum
741 637 849 702 regem
871 639 891 688 a
913 620 1004 704 Gyge
1026 623 1137 688 natum
1158 637 1277 703 poenas
1298 639 1354 686 ne·

316 724 362 790 cis
385 723 562 790 soluturum
585 741 663 790 esse.

401 826 507 893 Primo
530 826 622 908 quasi
638 831 771 909 aspectu
785 825 1002 908 unusquisque
1017 827 1141 896 videbit
1154 825 1354 893 narrationes

315 929 484 1011 utriusqus
505 929 669 1012 scriptoris
690 929 861 996 admodum
884 929 969 994 inter
991 947 1026 996 se
1050 930 1231 1012 discrepare
1252 948 1354 1013 nequo

315 1030 477 1098 dubitabit
508 1036 667 1114 statuere,
700 1051 751 1098 res
784 1031 825 1097 ab
856 1030 1020 1098 Herodoto
1059 1031 1198 1098 traditas
1227 1029 1354 1098 fabulae

314 1132 481 1216 propiores
503 1151 572 1198 usse
594 1150 690 1214 quam
713 1134 876 1216 historiae,
899 1134 989 1201 cuius
1011 1140 1122 1200 contra
1143 1132 1238 1200 iidem
1260 1133 1353 1200 Nico-

314 1236 385 1302 laus
406 1235 527 1317 optime
549 1253 692 1303 servasse
713 1237 877 1319 putandus
899 1236 1045 1316 estsine,
1069 1238 1158 1302 cuius
1179 1236 1277 1306 lihros
1299 1237 1354 1302 ille

314 1337 549 1419 transscripsit,
571 1375 613 1386 —
635 1339 793 1404 Xanthus.
839 1339 972 1406 Accedit
994 1340 1079 1422 quod
1100 1338 1183 1405 alius
1206 1340 1312 1422 Gyges
1334 1358 1355 1404 a

314 1441 448 1507 Platone
469 1445 620 1506 narratur
647 1445 759 1522 pastor
787 1440 902 1520 fuisse,
934 1442 990 1522 qui
1021 1441 1145 1523 magica
1174 1441 1206 1508 vi
1236 1442 1355 1524 anguli,

316 1561 409 1626 quem
432 1545 610 1624 invenerat,
633 1544 748 1610 callide
770 1563 847 1610 usus
869 1544 999 1626 reginae
1014 1563 1153 1611 amorem
1175 1545 1237 1612 sibi
1258 1566 1355 1629 para·
1414 1551 1417 1560 '

314 1649 374 1726 ret,
396 1664 502 1727 regem
527 1652 663 1727 necaret,
686 1665 822 1730 reguum
842 1652 1024 1729 oocuparet,
1046 1648 1097 1713 cui
1111 1647 1213 1714 veteri
1227 1646 1355 1713 fabulae

314 1747 434 1826 multa,
458 1765 540 1830 quae
562 1750 649 1832 apud
671 1749 870 1817 Herodotum
891 1749 1060 1831 leguntur,
1083 1748 1192 1815 deberi
1214 1749 1355 1816 Steiuius

314 1849 379 1916 iam
400 1850 558 1932 cognovit.
600 1851 692 1917 Hanc
714 1851 814 1934 igitur
837 1852 877 1918 de
899 1851 1044 1918 fabuloso
1067 1852 1167 1935 Gyge,
1195 1851 1355 1918 Mermna-

316 1953 377 2019 dae
407 1951 518 2036 stirpis
548 1953 683 2038 rege¹),
723 1958 781 2020 aut
809 1954 943 2020 similem
974 1955 1243 2021 narratiunculam
1283 1972 1355 2021 cum

314 2055 499 2136 audivisset,
521 2055 704 2124 Herodotus
725 2057 768 2121 ad
791 2075 901 2123 nerum
924 2057 1064 2140 Gygem,
1091 2057 1221 2141 Dascyli
1242 2055 1355 2137 filium,

315 2160 477 2242 Lydorum
499 2177 624 2241 regom,
647 2160 701 2242 qui
723 2159 903 2226 Heraclidis
925 2177 1058 2242 rognum
1081 2160 1216 2242 eripuit,
1249 2165 1355 2226 trans-

318 2261 430 2326 tulisse
451 2261 597 2342 videtur,
628 2263 712 2327 unde
735 2261 889 2344 efficitur,
918 2268 955 2327 ut
976 2262 1067 2328 nohis
1088 2261 1289 2343 probandum
1312 2263 1355 2328 sit

317 2365 452 2430 duorum
480 2369 646 2430 auctomm
688 2365 729 2430 de
762 2383 800 2430 ea
835 2383 870 2430 re
900 2365 1069 2430 memorias
1098 2383 1168 2430 eum
1198 2366 1356 2432 hocloco

318 2465 492 2533 miscuisse.

402 2567 586 2634 Herodotus
616 2586 687 2634 cum
718 2569 855 2650 speciem
885 2568 1013 2636 fabulae
1042 2569 1156 2650 fictas,
1189 2589 1284 2653 quam
1313 2569 1355 2635 de

319 2669 415 2736 exitio
438 2669 612 2736 candaulis
634 2672 775 2738 narratio
798 2690 857 2738 sua
878 2672 1067 2754 praeheret,
1096 2673 1194 2738 lenire
1225 2676 1259 2738 et
1279 2671 1355 2738 sub-

318 2773 434 2840 ducere
462 2777 608 2855 cuperet,
637 2791 766 2856 operam
796 2774 886 2840 dedit
917 2781 954 2840 ut
983 2776 1016 2840 in
1046 2775 1115 2842 loco
1147 2776 1215 2840 veri
1245 2775 1346 2858 Gygis

318 2874 450 2960 Dascyh
470 2874 545 2955 filii,
575 2874 752 2944 fabulosum
780 2877 812 2942 in
835 2878 997 2959 Lydorum
1020 2878 1155 2943 historia
1176 2878 1355 2953 collocaret,

318 2978 490 3061 multaque,
512 2995 595 3059 quae
617 2980 660 3044 ad
681 2978 818 3045 alterum
834 2980 955 3063 Gygam
969 2981 1131 3063 pertinere
1155 2980 1276 3047 sciehat
1297 2999 1356 3047 suo

319 3079 405 3162 Gygi
427 3079 552 3163 tribuit,
575 3100 613 3147 ne
635 3080 683 3146 illi
704 3081 798 3148 nimis
821 3081 984 3148 dissimilis
1006 3088 1098 3148 asset.
1143 3083 1356 3163 Quamobrem

317 3201 358 3248 ne
379 3181 411 3248 in
434 3185 526 3248 tanta
547 3183 674 3265 quidem
698 3184 914 3251 narrationum
930 3185 1145 3267 discrepantia
1166 3186 1282 3252 desunt
1303 3204 1357 3253 res

318 3285 358 3351 ab
380 3284 544 3352 Herodoto
566 3292 600 3352 et
621 3305 641 3354 a
659 3286 786 3352 Xantho
808 3288 919 3354 eodem
941 3289 1034 3353 modo
1056 3288 1183 3354 relatae.
1226 3289 1356 3355 Etenim

317 3388 404 3470 patri
424 3389 578 3472 principis
599 3409 619 3454 a
641 3389 732 3472 Gyge
753 3389 914 3457 interfecti
936 3391 976 3456 ab
998 3395 1134 3472 utroque
1155 3397 1285 3458 auctore
1306 3393 1357 3459 in-

319 3489 406 3556 ditur
428 3509 540 3557 nomou
563 3490 686 3575 Myrso,
717 3493 757 3558 ab
790 3498 926 3574 utroque
954 3493 1159 3575 pulchritudo
1190 3500 1223 3560 et
1252 3495 1356 3562 virtus

320 3592 420 3676 Gygis
441 3591 602 3675 laudatur,
624 3598 758 3676 uterque
781 3595 903 3678 Gygem
924 3594 1008 3661 inter
1029 3596 1188 3662 satellites
1202 3597 1234 3680 ¹)
1269 3597 1357 3681 regis

409 3850 439 3926 1)
462 3853 573 3911 Auctor
596 3851 693 3926 gentis
715 3853 903 3912 Mermnadae
925 3855 983 3914 fuit
1004 3854 1156 3915 fabulosus
1178 3855 1229 3914 illo
1245 3854 1354 3933 Gyges,

319 3937 436 4016 quade
459 3955 491 3995 ro
515 3937 551 3996 cf.
574 3937 681 3996 sesinii
704 3942 765 3998 not.
787 3939 824 3998 ad
846 3940 991 4001 Herodot.
1014 3941 1038 4014 I,
1065 3946 1123 4000 128
1148 3961 1214 4021 sqq.

408 4023 440 4098 2)
469 4020 556 4086 Quod
583 4022 705 4083 ultimus
735 4025 886 4103 Lydorum
916 4045 971 4085 rex
1001 4027 1098 4100 gentis
1120 4026 1356 4100 Heraclidarum,

321 4105 367 4168 oui
390 4109 469 4185 apud
490 4108 645 4169 Nicolaum
668 4129 775 4173 nomeu
799 4115 844 4172 est
858 4111 1002 4191 Sadyatti,
1024 4113 1060 4170 ab
1084 4113 1235 4173 Herodoto
1258 4112 1357 4172 nomi-
