3120 4888
638 494 853 562 -47-

229 683 307 746 nus,
330 685 351 732 a
372 665 547 731 Periandro
569 665 732 748 accepisse
753 664 887 744 dicitur,
909 663 1070 745 pertinere
1090 663 1271 760 rideantur,

228 771 337 833 tamen
359 768 392 834 in
415 769 528 834 cotecis
552 768 659 849 etiam,
681 769 722 834 da
744 768 860 850 quibus
883 766 999 848 agitur,
1022 767 1180 848 capitibus
1202 774 1269 834 tam

229 878 342 951 aperta
365 876 494 937 exstant
516 870 631 937 Graeci
660 870 781 952 ingenii
803 868 1000 950 vestigia1),
1029 875 1066 934 ut
1096 869 1142 934 eis
1171 870 1267 936 etiarn

229 989 312 1053 qnae
333 973 544 1052 continentur,
567 972 765 1039 Herodotum
789 990 809 1036 a
830 971 964 1037 Graecis
988 971 1180 1053 comperisse
1201 978 1268 1038 sta·

229 1080 318 1140 tuere
339 1093 498 1156 cogamur.
542 1075 654 1157 Neque
684 1093 759 1140 vero
791 1074 905 1140 omnia.
960 1074 1105 1155 Namque
1136 1075 1267 1140 alterius

228 1176 411 1258 relationis,
447 1197 541 1260 quaro
571 1178 621 1242 bis
653 1183 759 1244 autem
789 1177 821 1242 in
853 1176 950 1242 rebus
978 1177 1145 1242 tradendis
1176 1178 1267 1260 sequi

230 1277 347 1361 noluit,
369 1299 432 1346 non
456 1286 619 1362 expertem
643 1279 744 1346 luisse
765 1281 962 1345 Herodotum
985 1279 1058 1360 ipsa
1080 1278 1148 1344 eius
1170 1281 1268 1345 verba

228 1380 458 1464 testificantur3
488 1383 542 1466 qui
571 1383 654 1449 enim
685 1388 855 1464 postquam
877 1381 1018 1447 reddidit
1040 1380 1201 1463 Alyattem
1223 1382 1268 1447 le·

229 1488 323 1564 gatos
354 1487 482 1552 misisse
511 1487 552 1550 ad
576 1485 754 1568 Apollinem
778 1484 966 1566 Delphicum
996 1484 1037 1550 de
1066 1483 1177 1548 morbo
1207 1501 1266 1549 suo

228 1585 491 1668 interrogaturos,
514 1606 584 1652 cum
607 1593 722 1670 pergat
743 1588 793 1652 his
816 1587 879 1669 (cp.
896 1589 952 1668 19)
974 1579 1040 1650 εἴτε
1062 1583 1103 1674 δὴ
1124 1589 1266 1670 συμβου-

228 1683 402 1766 λεύσαντός
423 1713 477 1755 του
497 1684 565 1755 e'c'ce
587 1687 643 1755 καὶ
665 1682 753 1776 αὐτῷ
783 1684 875 1770 ἔδοξε
898 1686 1082 1772 πέμψαντα
1109 1685 1166 1752 τὸν
1186 1685 1267 1753 θεὸν

228 1786 424 1877 ἐπαίρεσθαι
453 1791 530 1879 περὶ
565 1796 622 1882 τῆς
651 1788 767 1858 νούσου
799 1793 870 1873 ipse
899 1789 1042 1872 profiteri
1070 1790 1197 1856 videtur
1230 1809 1266 1856 se

228 1894 407 1977 utrumque,
428 1898 513 1977 quod
535 1897 596 1962 hoo
617 1896 688 1961 loco
709 1897 742 1961 in
764 1912 924 1977 suspenso
943 1893 1141 1974 relinquitur,
1164 1893 1205 1958 de
1227 1911 1267 1960 ea

228 2014 263 2060 re
286 1998 466 2078 audivisse,
498 1999 576 2065 certi
609 2017 685 2064 vero
708 1997 828 2080 aliquid
851 2003 994 2063 statuere
1022 2014 1085 2062 nou
1115 1983 1188 2061 esse
1209 2015 1266 2060 au·

228 2115 309 2164 snm.
353 2101 493 2182 Accedit,
516 2120 578 2184 quo
599 2102 724 2167 facilius
747 2119 800 2166 res
822 2100 943 2183 percipi
958 2097 1169 2181 cognoscique
1190 2115 1265 2179 pos·

228 2201 281 2281 sit,
303 2204 388 2284 quod
411 2203 569 2270 cernimus
592 2204 726 2270 scivisse
748 2203 947 2269 Herodotum
969 2218 1033 2266 nou
1057 2201 1097 2266 ab
1119 2201 1265 2268 omnibus

228 2305 437 2386 scriptoribus
459 2307 592 2389 perinde
615 2311 711 2388 atque
735 2306 775 2371 ab
797 2305 869 2388 ipso
892 2304 1018 2371 narrari·
1038 2301 1112 2369 dolo
1128 2303 1266 2385 Thrasy-

228 2406 293 2471 buli
317 2407 463 2474 ellectum
486 2426 576 2490 esse,
598 2416 635 2474 ut
656 2409 803 2491 Alyattes
827 2408 943 2474 bellum
967 2407 1157 2488 deponeret3
1189 2405 1266 2470 scri·
1331 2409 1334 2416 '

228 2509 304 2576 bere
328 2511 411 2576 enim
434 2531 498 2576 non
521 2512 667 2592 debebat,
689 2513 775 2594 quod
797 2517 884 2576 recte
906 2508 1091 2576 Nitzschius
1113 2507 1134 2573 l.
1156 2507 1176 2572 l.
1199 2526 1266 2574 mo·

228 2613 315 2695 nuit,
345 2614 377 2679 in
401 2615 505 2696 capite
526 2616 582 2680 22:
613 2608 658 2692 ὡς
680 2611 743 2699 ἐγώ
765 2607 978 2697 πυνθάνομαι
1000 2603 1046 2676 δι’
1070 2603 1162 2676 οὐδὲν
1183 2603 1265 2675 litto

228 2711 355 2800 ἐγένετο
376 2712 396 2806 ἡ
423 2714 582 2806 διαλλαγή
608 2718 670 2784 nisi
693 2717 833 2782 auctoris
858 2717 888 2781 ei
909 2715 942 2780 iu
964 2719 1103 2780 mentem
1125 2718 1265 2794 venerat,

228 2817 282 2900 qni
304 2818 400 2883 aliam
420 2821 598 2886 tradiderat
612 2820 702 2902 pacis
718 2837 857 2885 cansam.
902 2817 952 2883 Ad
975 2817 1053 2883 haec
1074 2817 1158 2880 adde
1180 2816 1265 2896 quod

228 2937 276 3003 cp.
300 2922 340 2987 18
363 2921 395 2986 in
418 2923 614 2988 Milesiorum
644 2922 792 2987 debello
820 2921 861 2987 ab
883 2920 1014 3002 Alyatte
1034 2925 1128 3001 gesto
1155 2935 1266 2982 nura-

226 3021 346 3089 tionem
367 3027 534 3106 quaedam,
556 3043 639 3107 quae
661 3024 731 3090 sine
744 3023 873 3090 lectoris
891 3021 1039 3088 molestia
1059 3019 1150 3085 initio
1165 3020 1265 3085 totius

227 3125 451 3209 descriptionis
474 3129 622 3196 omittere
652 3147 714 3194 uon
736 3127 842 3203 licuit,
873 3123 1028 3191 eiusmodi
1056 3123 1160 3188 indita
1190 3128 1265 3188 sunt

228 3233 265 3291 nt
287 3233 320 3292 et
341 3235 507 3297 contextus
531 3232 656 3297 dicendi
687 3248 820 3312 prorsus
851 3228 1018 3294 dirimatur
1045 3232 1078 3291 et
1104 3224 1264 3306 nonnulla,

318 3539 502 3617 1)Alyattis
524 3540 594 3600 belli
616 3541 740 3616 gerendi
761 3540 907 3602 rationem
930 3545 961 3601 at
983 3537 1120 3600 callidum
1136 3535 1263 3615 Thrasy-

227 3626 290 3684 buli
308 3626 464 3686 consilinm
480 3627 615 3686 Milesius
630 3634 789 3706 tamquam,
813 3628 864 3706 qui
886 3627 953 3686 istis
974 3627 1063 3686 rebus
1085 3623 1149 3700 ipse
1171 3623 1264 3682 inter·

226 3712 292 3785 fnit,
316 3712 466 3790 explicare
482 3711 600 3772 videtur
616 3714 693 3789 apud
710 3713 909 3785 Herodotum
931 3711 1058 3786 legimus
1073 3709 1150 3770 anim
1168 3727 1213 3785 cp.
1224 3707 1261 3767 17

228 3789 282 3866 τοὶς
303 3793 337 3856 dl
359 3795 456 3868 οἰκίας
478 3789 516 3857 οὔ
532 3793 671 3873 κατέβαλε
694 3788 859 3867 ἆΛοδὸς
880 3795 973 3855 τῶνδε
988 3794 1096 3866 εἵνεκα,
1118 3800 1150 3854 at
1163 3814 1209 3870 cp.
1222 3799 1261 3852 22

229 3872 270 3952 οἷς
292 3877 348 3962 peip
370 3876 409 3958 δὴ
431 3876 505 3942 ἰδών
527 3901 557 3942 τε
579 3879 676 3942 ἐκεῖνα
699 3873 717 3942 ὅ
737 3880 832 3960 κῆρυξ
866 3878 917 3941 καὶ
938 3877 1026 3951 εἴπας
1047 3870 1122 3958 πρός
1147 3872 1263 3954 Θρασύ-

227 3963 337 4042 βουλον
368 3970 437 4028 τοῦ
466 3965 599 4027 Λυδοῦ
636 3960 689 4037 τᾶς
716 3960 835 4038 ἐντολὰς
861 3957 979 4043 ἀπῆλθε
1009 3963 1039 4035 ἐς
1069 3957 1122 4034 τὰς
1148 3957 1263 4041 Σάρδις

227 4072 254 4111 a.
267 4073 291 4112 α.
307 4054 341 4126 A,
365 4053 413 4114 oui
435 4056 569 4132 opinioni
591 4053 678 4115 valde
700 4053 845 4129 congruit,
868 4053 947 4132 quod
970 4051 1160 4126 gravissimae
1176 4050 1262 4109 Mile·

228 4138 339 4200 ciorum
361 4140 459 4202 clades
482 4141 578 4202 obiter
599 4140 687 4201 modo
713 4147 744 4200 et
764 4138 871 4201 leviter
892 4143 1066 4213 tanguntur.
