3120 4888
634 497 846 564 „45-

223 668 381 735 communi
403 667 489 733 lama
510 685 569 748 per
591 669 745 734 ducentos
777 685 880 733 annos
908 667 1032 733 servari
1060 667 1148 732 nullo
1170 666 1263 732 modo

222 776 404 854 potuerunt,
426 770 610 836 testimonia
632 776 780 853 excerpta
803 770 860 835 illa
878 769 1068 836 brevissima
1090 772 1130 835 de
1146 770 1263 851 Ardye,

224 873 396 956 Sadyette,
417 873 564 955 Alyatte,
587 891 670 954 quae
692 874 768 938 dum
790 872 896 938 verbis
918 876 1063 954 parcunt,
1085 871 1166 936 mira
1188 875 1264 937 sunt

222 977 255 1042 in
278 977 385 1052 rebus,
420 975 635 1059 temporibus,
666 975 847 1041 nominibus
879 974 1053 1042 reddendis
1087 973 1262 1055 diligentia.

223 1079 357 1144 Accedit
387 1079 471 1160 quod
507 1078 706 1144 Herodotum
738 1078 798 1142 hoc
829 1077 899 1143 loco
929 1077 963 1142 id
993 1075 1129 1141 maxime
1157 1075 1263 1158 egisse

223 1187 374 1263 apparet,
406 1186 443 1247 ut
464 1182 615 1246 redderet
637 1198 720 1261 quae
743 1181 784 1245 ad
807 1180 949 1245 Graecos
971 1184 1028 1243 aut
1049 1181 1143 1243 lones
1165 1177 1263 1259 perti·

224 1289 355 1364 nerent,
384 1284 546 1367 Lydorum
575 1301 651 1348 vero
681 1302 734 1348 res
765 1286 942 1349 memoratu
964 1287 1127 1363 tamquam
1149 1298 1262 1362 parum

224 1386 339 1467 dignas
360 1385 641 1468 praetermitteret.
682 1387 827 1466 Namque
844 1383 1080 1450 cimmeriorum
1102 1383 1263 1448 incursum

224 1494 258 1554 et
278 1489 432 1571 Astyagis
461 1493 574 1554 contra
597 1489 710 1556 Medos
740 1487 858 1552 bellum
889 1486 949 1552 hoc
980 1486 1049 1551 loco
1078 1485 1198 1565 trihus,
1228 1489 1264 1549 ut

224 1591 271 1656 ita
294 1592 405 1672 dicam,
429 1590 533 1657 verbis
550 1608 815 1659 commemorasse
839 1590 919 1654 satis
942 1589 1049 1669 habet,
1071 1604 1263 1670 quamquam

224 1693 278 1771 IV,
302 1694 429 1758 11-13
451 1694 491 1758 de
511 1693 750 1758 Cimmeriorum
773 1692 895 1774 origine
919 1698 950 1757 et
973 1690 1122 1771 sedibus,
1150 1691 1183 1769 I,
1214 1691 1266 1772 74,

227 1797 288 1862 103
320 1797 360 1860 de
390 1796 556 1860 Medorum
590 1799 623 1859 et
652 1795 813 1877 Lydorum
843 1812 952 1876 pugna
980 1792 1084 1858 fusius
1116 1792 1262 1874 explicat.

226 1898 309 1975 Quin
326 1898 421 1963 etiam
446 1899 486 1964 de
502 1899 593 1979 Gyge
607 1898 769 1979 Lydorum
784 1916 862 1979 rege
876 1897 971 1978 plura
993 1915 1029 1961 se
1051 1895 1143 1976 scire,
1167 1913 1263 1977 quam

226 2001 362 2082 prodere
383 2001 454 2082 ipse
486 1999 627 2081 proliteri
658 2000 801 2076 videtur,
833 1999 942 2064 dicens
973 1990 1053 2078 ἀλλ’,
1082 1989 1175 2062 οὐδὲν
1203 1995 1264 2083 γὰρ

226 2100 329 2186 μέγα
352 2094 408 2167 ἄντ’
432 2095 531 2168 αὐτοῦ
551 2097 633 2168 dito
656 2097 749 2189 ἔργον
763 2099 888 2185 ἐγένετο
902 2096 1158 2185 βασιλεύσαντος
1180 2099 1265 2165 δυῶν

226 2201 342 2270 δέοντα
363 2201 605 2291 τεσσαράκοντα
624 2200 687 2290 ἔτη,
710 2206 826 2269 τοῦτον
839 2202 900 2288 μὲν
915 2199 1106 2291 παρήσομεν
1120 2204 1264 2268 τοσαῦτα

226 2303 493 2395 ἐπιμνησθέντες,
517 2308 632 2390 quibus
646 2308 807 2374 Xanthum
829 2308 1003 2389 perstringi
1024 2306 1052 2372 is
1074 2306 1168 2374 facile
1190 2325 1264 2372 con-

227 2410 367 2490 iectabit,
389 2411 443 2492 qui
465 2410 724 2478 narratiunculae
745 2411 941 2489 meminerit,
972 2427 1036 2491 qua
1056 2409 1111 2474 ille
1133 2427 1153 2473 a
1174 2409 1265 2492 Gyge

227 2513 341 2578 Lixum
356 2513 605 2580 inimicissimum
627 2515 659 2579 in
678 2513 849 2579 amicitiam
864 2517 1026 2595 receptum
1048 2529 1121 2578 esse
1136 2511 1265 2594 copiose

227 2620 422 2682 narraverat
467 2617 549 2698 (Nic.
571 2617 663 2682 Dam.
686 2617 723 2680 lr.
740 2617 792 2694 48,
814 2615 908 2680 Dind.
931 2635 962 2696 p.
977 2614 1097 2700 35l36).
1141 2613 1264 2680 ceteris

227 2738 302 2784 vero
326 2719 483 2784 derebus
507 2719 547 2786 ab
570 2720 685 2801 Ardye,
709 2719 855 2801 Alyatte,
876 2718 1032 2800 Sadyatte
1055 2717 1166 2800 gestia,
1188 2735 1265 2799 qua-

227 2841 297 2888 rum
320 2824 407 2904 apud
429 2822 626 2887 Herodotum
650 2821 768 2887 mentio
790 2820 835 2902 fit,
859 2822 935 2902 quid
954 2818 1103 2885 Xanthus
1124 2820 1265 2885 tradide-

228 2925 279 3005 rit,
300 2929 432 3006 propter
453 2924 592 3007 inopiam
616 2923 820 3005 reliquiarum
844 2925 993 3006 cognosci
1015 2921 1143 3004 nequit,
1177 2941 1265 2988 nam·

228 3045 290 3110 que
317 3027 459 3106 duobuS,
488 3026 603 3109 quibus
633 3027 674 3090 de
705 3025 835 3108 Alyatte
866 3031 899 3092 et
930 3025 1084 3107 Sadyatte
1113 3024 1267 3090 nonnulla

228 3131 424 3214 produntur,
447 3129 635 3212 fragmentis
657 3129 780 3194 Nicolai
802 3128 995 3195 Damasceni
1018 3129 1068 3209 61,
1091 3129 1133 3194 62
1154 3147 1265 3211 regum

228 3232 391 3313 ingenium
413 3232 670 3313 domesticaeque
692 3233 854 3314 Lydorum
877 3251 927 3296 res
951 3230 1189 3310 describuntur,
1211 3248 1266 3294 ne·

230 3351 291 3414 que
313 3335 353 3400 de
374 3334 465 3401 hellis
497 3353 605 3401 eorum
637 3334 810 3417 quidquam
841 3335 993 3416 refertur,
1022 3334 1085 3399 nisi
1114 3333 1265 3398 bellatum

231 3455 344 3503 essee
367 3437 521 3519 Sadyatte
550 3457 621 3505 cum
645 3437 827 3520 Smyrnaeis
858 3455 1029 3518 eorumque
1056 3435 1167 3501 urbem
1195 3452 1267 3501 esse

230 3544 373 3620 captam,
406 3537 496 3606 cuius
528 3541 576 3606 rei
605 3541 759 3606 memoria
789 3541 873 3606 redit
905 3541 991 3622 apud
1019 3538 1218 3605 Herodotum
1240 3537 1267 3614 I,

230 3643 324 3727 161).
367 3643 420 3710 Sic
440 3643 539 3725 igitur
561 3644 681 3710 sentio:
711 3644 897 3710 Herodotus
920 3662 958 3708 ex
987 3641 1125 3724 copiosis
1146 3639 1267 3706 Xanthi

229 3745 465 3812 narrationibus
481 3746 520 3812 de
535 3746 693 3828 prioribus
710 3747 916 3812 Mermnadae
931 3744 1041 3828 stirpis
1057 3743 1186 3827 regibus
1201 3760 1267 3807 me-

318 3988 347 4066 1)
370 3988 435 4048 Nic.
458 3988 542 4050 Dum.
564 3990 600 4049 fr.
618 3993 657 4049 62
681 3985 842 4068 ἐπολέμησε
864 3982 896 4048 di
911 3985 1096 4068 Σμυρναίοις
1117 3981 1167 4046 καὶ
1190 3974 1267 4046 εἷλεν

232 4064 331 4132 αὐτοῖν
353 4067 386 4132 τὰ
408 4067 498 4152 ie‘oru3
520 4076 663 4136 Herodot.
680 4075 699 4134 l.
715 4077 735 4138 l.
758 4069 902 4156 Σμύρνην
924 4067 979 4152 τήν
1001 4065 1063 4133 dard
1082 4071 1267 4150 Κολοφῶνος

231 4161 404 4220 κτισθεῖσαν
425 4149 507 4219 εἷλεν.
