3120 4888
721 423 934 490 ..24-

312 595 451 662 masceni
481 598 592 664 auctor
613 593 768 662 Herodoti
797 596 894 664 verba
916 595 1176 677 commutaverit,
1204 616 1266 663 non
1295 596 1348 664 hic

312 697 411 764 verba
438 696 532 762 illius.
582 697 728 779 Namque
755 697 953 764 Herodotum
975 698 1099 765 Nicolai
1125 700 1265 767 auctoris
1294 701 1347 766 de-

314 801 518 884 scriptionem
548 801 673 866 novisse
700 806 872 883 propterea
902 800 1003 868 statui
1031 802 1160 885 nequit,
1192 803 1281 885 quia,
1310 808 1348 870 ut

313 922 409 985 supra
430 902 729 983 demonstravimus,
752 904 838 984 apud
855 901 1019 978 Nicolaum
1042 903 1144 971 multa
1166 907 1347 988 traduntur,

312 1024 445 1091 quorum
468 1006 554 1087 apud
576 1005 774 1074 Herodotum
802 1004 891 1070 nulla
916 1005 1034 1072 mentio
1055 1006 1106 1088 fit,
1138 1007 1282 1090 quamvis
1304 1008 1345 1073 ad

313 1127 380 1174 rem
409 1107 633 1174 illustrandam
662 1106 835 1190 plurimum
869 1108 1006 1174 valeant.
1065 1108 1215 1176 Nicolaur
1248 1111 1348 1193 igitur

313 1212 383 1293 ipse
404 1214 462 1274 aut
483 1209 552 1276 eius
574 1213 686 1276 auctor
714 1208 773 1275 hoc
801 1210 868 1276 loco
890 1210 1104 1277 Herodoteam
1132 1213 1346 1279 narrationem

311 1312 529 1394 transscripsit
558 1317 592 1377 et
622 1310 846 1394 amplificarit3
878 1331 978 1396 neque
1006 1332 1080 1378 vero
1108 1314 1148 1379 ob
1177 1333 1245 1381 eam
1279 1335 1346 1382 rem

313 1414 437 1480 duobus
458 1412 599 1480 fontibus
628 1414 660 1479 iu
689 1414 784 1481 rebus
806 1415 967 1498 Lydorum
991 1417 1156 1484 narrandis
1178 1437 1255 1484 usus
1276 1437 1347 1485 esse

311 1522 372 1600 put
358 1517 475 1604 candus
497 1523 547 1582 ost
560 1520 598 1598 ¹),
620 1518 704 1601 quod
726 1517 790 1583 iam
812 1535 870 1600 per
891 1534 926 1583 se
947 1517 1052 1584 minus
1073 1519 1142 1585 reri
1163 1520 1266 1587 simile
1287 1524 1346 1587 est.

357 1690 422 1749 Nic.
437 1691 474 1748 fr.
487 1692 559 1762 51,
562 1683 634 1761 ,Οτι
657 1690 807 1797 Κυρηναί-
893 1683 1001 1751 τούτου
1024 1687 1056 1751 δὲ
1071 1712 1125 1752 του
1111 1685 1259 1754 Βάττου
1274 1697 1346 1765 παῖς

312 1796 357 1845 σις
379 1771 411 1834 οί
432 1768 549 1834 Βάττου
577 1775 683 1847 παῖδες
708 1771 807 1882 Ἀρκε-
849 1775 958 1876 γίνεται
980 1769 1220 1855 'Aormor'leorcnu
1202 1801 1237 1850 ος
1258 1779 1342 1858 βασι-

312 1852 413 1930 σιλοίος
433 1856 484 1918 καλ
502 1855 637 1959 Λέαρχος
659 1882 753 1962 προς
757 1854 806 1920 ἆλ-
849 1854 953 1931 λεύσας
989 1864 1094 1942 πρῶτα
1129 1867 1205 1924 τοῖσι
1236 1861 1345 1926 ἑαυτοῦ

311 1941 419 2048 λχχλους
463 1937 672 2015 στασιάσαντες
711 1939 807 2050 μολχιχν
850 1941 1004 2050 ἆδελφοῖσι
1024 1946 1185 2023 ἐστασίασε,
1210 1945 1280 2021 ἒς”
1262 1973 1346 2028 ομιν

313 2023 433 2132 ἤγειραν
462 2025 595 2133 Λιβύας
620 2025 661 2091 ἐπ’
696 2025 807 2102 αὐτους
850 2019 933 2092 οὗτοι
956 2025 1152 2105 ἀπολιπόντες
1177 2033 1346 2112 οίχονιοές

312 2109 480 2196 ἐνεγκόντες
502 2113 552 2176 καὶ
575 2108 718 2191 ἡττῶνται
745 2119 804 2176 Κυ
851 2111 937 2176 αλλσν
957 2119 1057 2224 χοῖρον
1079 2121 1133 2196 τῆς
1151 2115 1272 2197 Λιβυιχς
1294 2119 1345 2181 κοιλ

314 2205 451 2276 ριχνοιῖοι·
504 2195 710 2280 ἑπτακισχίλιοι
750 2224 857 2281 γαρ.
918 2198 1108 2265 ,σἰπιστᾶσιν
1131 2199 1190 2265 οίπό
1207 2229 1266 2265 ιοιν
1283 2208 1343 2265 Κυ-

314 2281 471 2347 ἆπίθανον
487 2285 518 2347 ἐν
532 2307 572 2368 τρι
560 2284 716 2388 πολέμῳ.
738 2282 806 2366 Ἀρ·
849 2287 981 2366 ρηναίοιν
995 2310 1066 2360 τους
1075 2284 1237 2367 Λιβυας
1248 2309 1345 2367 σ.ιιμ-

316 2372 449 2441 κεσίλαος
469 2368 500 2432 δὲ
524 2348 572 2433 ίτίλ
591 2366 709 2443 τούτοις
729 2368 806 2451 φάρ-
844 2368 989 2450 βαλόντες
1012 2371 1044 2434 δὲ
1066 2374 1206 2452 ἐνίκησαν
1230 2375 1277 2456 (οἱ
1290 2377 1347 2436 Λί-

313 2479 411 2534 μαντον
445 2457 539 2518 πίνει·
579 2456 807 2562 δυσθνιχτοῦντσ
849 2458 933 2537 βυες)
966 2456 1037 2530 τούς
1067 2463 1258 2539 Κυρηναίους
1296 2483 1345 2521 το-

314 2540 340 2602 ιλ’
364 2536 456 2602 orieris
478 2535 640 2618 οίιδελφος
665 2532 733 2624 ι’χγξε
748 2540 807 2602 Λί-
850 2547 938 2604 σοῦτο
991 2540 1063 2614 ολίςτε
1107 2544 1346 2624 ἑπτακισχιλίους

314 2649 410 2731 αρχος.
462 2648 515 2688 τον
554 2624 586 2688 δὲ
614 2621 807 2733 Λέαρχον
786 2649 806 2705 ιχ
851 2623 970 2699 ὁπλίτας
1001 2632 1182 2735 Κυρχχναίοιν
1212 2631 1344 2692 ἐνθαῦτα

313 2714 368 2772 τοῦ
399 2705 568 2818 Ἀρκεσίλεω
597 2708 672 2819 χυνιχ
702 2713 808 2773 κτείνει
849 2719 980 2774 πεσεῖν.
1011 2712 1082 2791 μεταλ
1113 2714 1146 2778 δε
1177 2740 1211 2777 το
1243 2717 1344 2820 τρῶμμ

311 2791 431 2903 Ερυξοί.
467 2791 521 2876 τὴν
543 2792 616 2858 δὲ’
597 2793 690 2877 υρχῆν
712 2793 730 2860 o‘
752 2801 807 2860 τοῦ
849 2803 937 2861 τοῦτο
966 2795 1159 2878 Ἀρκεσίλεων
1198 2800 1251 2880 μὲν
1292 2797 1346 2864 κοί-

314 2878 522 2988 Ἀρκεσίλεω
536 2888 607 2956 παῖς
652 2881 807 2964 ἒιιιλίχετυι
850 2881 960 2988 μνοντοί
986 2905 1017 2946 τε
1038 2886 1089 2947 καλ
1111 2911 1272 2992 φαρμακον
1294 2911 1344 2949 πε·

314 2971 426 3041 Βαττος
447 2962 587 3048 χωλος”
563 2993 615 3031 ιον.
850 2965 973 3033 ποοκότα
996 2964 1014 3031 ὅ
1036 2967 1180 3048 ἆιλελφεος
1194 2966 1346 3075 Ἀλίαρχος

662 3047 665 3054 ⁴
775 3123 781 3126 ,
851 3049 1025 3160 ἀποπνίγει,
1067 3049 1217 3161 Αλίοιρχον
1254 3052 1346 3137 tta

850 3136 924 3222 χυνή
948 3165 968 3220 ιχ
989 3134 1176 3248 Ἀρχεσίλεοι
1174 3138 1252 3228 δόλῳ
1270 3145 1345 3206 ιιτεί-

849 3247 908 3300 νει,
945 3249 981 3312 'tl
1012 3220 1128 3304 οὕνομα
1155 3217 1194 3306 ἦν
1221 3207 1344 3310 Ἐρυξοί.

850 3273 997 3386 διελέξατο
1035 3309 1066 3374 δὲ
1099 3308 1154 3391 τήν
1186 3316 1345 3420 βασιληΐχχν

849 3400 904 3458 τοῦ
933 3392 1152 3499 Ἀρκεσίλεω’
1134 3423 1150 3460 o
1173 3406 1246 3472 παῖς
1268 3397 1345 3461 Βάτ-

848 3504 908 3555 τος
931 3477 1029 3562 χοολός
1045 3505 1075 3546 τε
1098 3479 1227 3548 ἒοίν..

402 3571 429 3642 1)
451 3548 520 3628 Non
543 3574 589 3630 est
610 3551 689 3630 euim
712 3590 764 3630 cur
786 3571 844 3632 duo
865 3570 933 3649 illa,
965 3591 1040 3652 quae
1062 3573 1185 3634 Xantho
1208 3594 1268 3634 non
1290 3573 1345 3634 tri·

311 3654 429 3714 buimus
450 3654 566 3715 Nicolai
588 3655 761 3730 fragmenta,
793 3676 832 3716 ex
853 3675 952 3715 rerum
974 3677 992 3717 a
1013 3659 1105 3736 Lydis
1128 3663 1277 3734 gestarum
1299 3655 1362 3718 hi-'

311 3740 403 3799 storia
430 3738 525 3817 petita
555 3760 619 3800 esse
649 3742 768 3802 credere
799 3762 938 3818 cogamur
968 3742 1017 3820 (fr.
1041 3749 1089 3818 60,
1115 3744 1167 3821 70)
1198 3777 1240 3790 -
1263 3747 1346 3805 deest

311 3824 390 3884 enim
413 3827 638 3900 argumentandi
659 3828 830 3892 necessitas.
878 3829 923 3887 De
954 3830 1059 3889 ceteris
1086 3829 1173 3903 locis,
1203 3851 1277 3910 quos
1305 3851 1345 3890 ex

312 3911 453 3988 Lydiacis
475 3911 628 3972 effluxisse
652 3915 814 3974 Oreunerus
837 3914 980 3975 coniecit:
1005 3915 1156 3975 Aristotel.
1180 3917 1217 3976 de
1239 3916 1343 3976 mirab.

311 3996 435 4056 auscult.
458 4016 482 4057 c.
507 4003 556 4072 39,
587 4017 611 4058 c.
636 4003 686 4072 53,
717 3999 794 4060 Plin.
818 4001 858 4060 H.
881 4001 918 4061 N.
942 4000 1020 4072 VII,
1052 4006 1091 4059 38
1125 4002 1218 4061 verba
1246 4003 1344 4061 facere

311 4083 424 4157 omitto,
449 4101 513 4143 oum
537 4085 609 4146 certi
633 4084 795 4166 quidquem
817 4087 854 4147 de
876 4085 920 4146 eis
942 4091 1071 4146 statuere
1098 4106 1156 4145 non
1179 4087 1299 4164 possim.
