<?xml version="1.0" encoding="UTF-8"?>
<!DOCTYPE html PUBLIC "-//W3C//DTD XHTML 1.0 Transitional//EN"
    "http://www.w3.org/TR/xhtml1/DTD/xhtml1-transitional.dtd">
<html xmlns="http://www.w3.org/1999/xhtml" xml:lang="en" lang="en">
 <head>
  <title>
</title>
<meta http-equiv="Content-Type" content="text/html;charset=utf-8" />
  <meta name='ocr-system' content='tesseract 3.04.00' />
  <meta name='ocr-capabilities' content='ocr_page ocr_carea ocr_par ocr_line ocrx_word'/>
</head>
<body>
  <div class='ocr_page' id='page_1' title='image "./dexanthoetherod00pomtgoog_0015.png"; bbox 0 0 3120 4888; ppageno 0'>
   <div class='ocr_carea' id='block_1_1' title="bbox 729 463 919 528">
    <p class='ocr_par' dir='ltr' id='par_1_1' title="bbox 729 463 919 528">
     <span class='ocr_line' id='line_1_1' title="bbox 729 463 919 528; baseline -0.005 -18"><span class='ocrx_word' id='word_1_1' title='bbox 729 463 919 528; x_wconf 80' lang='grc'>-8-</span> 
     </span>
    </p>
   </div>
   <div class='ocr_carea' id='block_1_2' title="bbox 303 631 1343 3190">
    <p class='ocr_par' dir='ltr' id='par_1_2' title="bbox 306 631 1343 1644">
     <span class='ocr_line' id='line_1_2' title="bbox 310 631 1341 718; baseline 0.005 -20"><span class='ocrx_word' id='word_1_2' title='bbox 310 631 493 716; x_wconf 86' lang='lat' dir='ltr'>Welokems</span> <span class='ocrx_word' id='word_1_3' title='bbox 515 632 653 715; x_wconf 83' lang='lat' dir='ltr'>negavit</span> <span class='ocrx_word' id='word_1_4' title='bbox 697 632 813 700; x_wconf 79' lang='lat' dir='ltr'>Cetera</span> <span class='ocrx_word' id='word_1_5' title='bbox 841 653 923 718; x_wconf 87' lang='lat' dir='ltr'>quse</span> <span class='ocrx_word' id='word_1_6' title='bbox 953 634 994 700; x_wconf 88' lang='lat' dir='ltr'>ab</span> <span class='ocrx_word' id='word_1_7' title='bbox 1027 653 1066 701; x_wconf 89' lang='lat' dir='ltr'>eo</span> <span class='ocrx_word' id='word_1_8' title='bbox 1095 635 1270 702; x_wconf 79' lang='lat' dir='ltr'>afferuntur</span> <span class='ocrx_word' id='word_1_9' title='bbox 1299 638 1341 703; x_wconf 90' lang='lat' dir='ltr'>ad</span> 
     </span>
     <span class='ocr_line' id='line_1_3' title="bbox 308 735 1341 823; baseline 0.003 -22"><span class='ocrx_word' id='word_1_10' title='bbox 308 735 521 802; x_wconf 89' lang='lat' dir='ltr'>coniecturam</span> <span class='ocrx_word' id='word_1_11' title='bbox 542 753 632 803; x_wconf 86' lang='lat' dir='ltr'>suam</span> <span class='ocrx_word' id='word_1_12' title='bbox 647 737 911 820; x_wconf 88' lang='lat' dir='ltr'>comprobandam</span> <span class='ocrx_word' id='word_1_13' title='bbox 934 744 1122 822; x_wconf 84' lang='lat' dir='ltr'>argumenta</span> <span class='ocrx_word' id='word_1_14' title='bbox 1143 739 1248 805; x_wconf 87' lang='lat' dir='ltr'>omnia</span> <span class='ocrx_word' id='word_1_15' title='bbox 1268 759 1341 823; x_wconf 89' lang='lat' dir='ltr'>per-</span> 
     </span>
     <span class='ocr_line' id='line_1_4' title="bbox 308 838 1342 925; baseline 0.006 -23"><span class='ocrx_word' id='word_1_16' title='bbox 308 840 411 903; x_wconf 78' lang='lat' dir='ltr'><strong>tinent</strong></span> <span class='ocrx_word' id='word_1_17' title='bbox 432 839 474 903; x_wconf 87' lang='lat' dir='ltr'>od</span> <span class='ocrx_word' id='word_1_18' title='bbox 496 838 619 905; x_wconf 84' lang='lat' dir='ltr'>Nicolai</span> <span class='ocrx_word' id='word_1_19' title='bbox 642 839 831 907; x_wconf 85' lang='lat' dir='ltr'>Damasceni</span> <span class='ocrx_word' id='word_1_20' title='bbox 854 841 1068 921; x_wconf 77' lang='lat' dir='ltr'><strong>narrationes,</strong></span> <span class='ocrx_word' id='word_1_21' title='bbox 1096 859 1177 925; x_wconf 88' lang='lat' dir='ltr'>quas</span> <span class='ocrx_word' id='word_1_22' title='bbox 1198 845 1342 924; x_wconf 86' lang='lat' dir='ltr'>quamvis</span> 
     </span>
     <span class='ocr_line' id='line_1_5' title="bbox 309 940 1341 1026; baseline 0.006 -21"><span class='ocrx_word' id='word_1_23' title='bbox 309 959 348 1007; x_wconf 92' lang='lat' dir='ltr'>ne</span> <span class='ocrx_word' id='word_1_24' title='bbox 377 940 417 1007; x_wconf 87' lang='lat' dir='ltr'>ab</span> <span class='ocrx_word' id='word_1_25' title='bbox 449 960 510 1009; x_wconf 93' lang='lat' dir='ltr'>uno</span> <span class='ocrx_word' id='word_1_26' title='bbox 539 942 666 1026; x_wconf 90' lang='lat' dir='ltr'>quidem</span> <span class='ocrx_word' id='word_1_27' title='bbox 698 948 807 1010; x_wconf 85' lang='lat' dir='ltr'>vetere</span> <span class='ocrx_word' id='word_1_28' title='bbox 839 948 968 1010; x_wconf 89' lang='lat' dir='ltr'>auctore</span> <span class='ocrx_word' id='word_1_29' title='bbox 990 943 1118 1009; x_wconf 86' lang='lat' dir='ltr'>Xantho</span> <span class='ocrx_word' id='word_1_30' title='bbox 1149 945 1341 1026; x_wconf 82' lang='lat' dir='ltr'>tribuantur,</span> 
     </span>
     <span class='ocr_line' id='line_1_6' title="bbox 307 1045 1342 1130; baseline 0.004 -21"><span class='ocrx_word' id='word_1_31' title='bbox 307 1048 413 1110; x_wconf 84' lang='lat' dir='ltr'>tamen</span> <span class='ocrx_word' id='word_1_32' title='bbox 436 1046 521 1127; x_wconf 88' lang='lat' dir='ltr'>qood</span> <span class='ocrx_word' id='word_1_33' title='bbox 542 1045 668 1130; x_wconf 82' lang='lat' dir='ltr'>ingenio</span> <span class='ocrx_word' id='word_1_34' title='bbox 690 1045 812 1114; x_wconf 85' lang='lat' dir='ltr'>falsarii</span> <span class='ocrx_word' id='word_1_35' title='bbox 828 1047 1034 1113; x_wconf 81' lang='lat' dir='ltr'><strong>Alexandrini</strong></span> <span class='ocrx_word' id='word_1_36' title='bbox 1056 1047 1134 1113; x_wconf 91' lang='lat' dir='ltr'>hene</span> <span class='ocrx_word' id='word_1_37' title='bbox 1149 1049 1342 1130; x_wconf 88' lang='lat' dir='ltr'>respondere</span> 
     </span>
     <span class='ocr_line' id='line_1_7' title="bbox 307 1145 1341 1233; baseline 0.005 -22"><span class='ocrx_word' id='word_1_38' title='bbox 307 1145 500 1227; x_wconf 89' lang='lat' dir='ltr'>viderentur,</span> <span class='ocrx_word' id='word_1_39' title='bbox 522 1168 560 1215; x_wconf 86' lang='lat' dir='ltr'>er</span> <span class='ocrx_word' id='word_1_40' title='bbox 582 1148 700 1230; x_wconf 90' lang='lat' dir='ltr'>spuriis</span> <span class='ocrx_word' id='word_1_41' title='bbox 721 1149 871 1232; x_wconf 82' lang='lat' dir='ltr'>Lydiacis</span> <span class='ocrx_word' id='word_1_42' title='bbox 894 1151 1081 1233; x_wconf 78' lang='lat' dir='ltr'>desumptas</span> <span class='ocrx_word' id='word_1_43' title='bbox 1102 1167 1172 1216; x_wconf 88' lang='lat' dir='ltr'>esse</span> <span class='ocrx_word' id='word_1_44' title='bbox 1193 1150 1254 1216; x_wconf 92' lang='lat' dir='ltr'>sibi</span> <span class='ocrx_word' id='word_1_45' title='bbox 1268 1170 1341 1233; x_wconf 90' lang='lat' dir='ltr'>per-</span> 
     </span>
     <span class='ocr_line' id='line_1_8' title="bbox 307 1249 1341 1334; baseline 0.005 -20"><span class='ocrx_word' id='word_1_46' title='bbox 307 1249 420 1316; x_wconf 86' lang='lat' dir='ltr'>suasit.</span> <span class='ocrx_word' id='word_1_47' title='bbox 464 1250 512 1317; x_wconf 86' lang='lat' dir='ltr'>Ea</span> <span class='ocrx_word' id='word_1_48' title='bbox 534 1251 651 1334; x_wconf 84' lang='lat' dir='ltr'>igitur,</span> <span class='ocrx_word' id='word_1_49' title='bbox 681 1269 751 1318; x_wconf 91' lang='lat' dir='ltr'>cum</span> <span class='ocrx_word' id='word_1_50' title='bbox 783 1253 824 1318; x_wconf 90' lang='lat' dir='ltr'>ad</span> <span class='ocrx_word' id='word_1_51' title='bbox 854 1252 937 1320; x_wconf 89' lang='lat' dir='ltr'>hanc</span> <span class='ocrx_word' id='word_1_52' title='bbox 966 1252 1055 1321; x_wconf 91' lang='lat' dir='ltr'>litem</span> <span class='ocrx_word' id='word_1_53' title='bbox 1084 1253 1124 1318; x_wconf 89' lang='lat' dir='ltr'>de</span> <span class='ocrx_word' id='word_1_54' title='bbox 1155 1251 1341 1334; x_wconf 78' lang='lat' dir='ltr'>integritate</span> 
     </span>
     <span class='ocr_line' id='line_1_9' title="bbox 308 1345 1343 1435; baseline 0.004 -19"><span class='ocrx_word' id='word_1_55' title='bbox 308 1351 519 1435; x_wconf 81' lang='lat' dir='ltr'>Lydiacorum</span> <span class='ocrx_word' id='word_1_56' title='bbox 542 1354 780 1421; x_wconf 79' lang='lat' dir='ltr'>diiudicandum</span> <span class='ocrx_word' id='word_1_57' title='bbox 803 1345 883 1420; x_wconf 89' lang='lat' dir='ltr'><strong>nihil</strong></span> <span class='ocrx_word' id='word_1_58' title='bbox 904 1356 1030 1421; x_wconf 91' lang='lat' dir='ltr'>omniuo</span> <span class='ocrx_word' id='word_1_59' title='bbox 1051 1355 1189 1434; x_wconf 84' lang='lat' dir='ltr'>ualeant,</span> <span class='ocrx_word' id='word_1_60' title='bbox 1210 1373 1230 1420; x_wconf 89' lang='lat' dir='ltr'>a</span> <span class='ocrx_word' id='word_1_61' title='bbox 1253 1356 1343 1421; x_wconf 92' lang='lat' dir='ltr'>nohis</span> 
     </span>
     <span class='ocr_line' id='line_1_10' title="bbox 307 1454 1341 1541; baseline 0.003 -21"><span class='ocrx_word' id='word_1_62' title='bbox 307 1454 408 1538; x_wconf 88' lang='lat' dir='ltr'>infra,</span> <span class='ocrx_word' id='word_1_63' title='bbox 437 1457 466 1522; x_wconf 92' lang='lat' dir='ltr'>si</span> <span class='ocrx_word' id='word_1_64' title='bbox 495 1458 536 1522; x_wconf 90' lang='lat' dir='ltr'>de</span> <span class='ocrx_word' id='word_1_65' title='bbox 566 1458 690 1525; x_wconf 82' lang='lat' dir='ltr'>ratione</span> <span class='ocrx_word' id='word_1_66' title='bbox 719 1477 801 1541; x_wconf 87' lang='lat' dir='ltr'>quae</span> <span class='ocrx_word' id='word_1_67' title='bbox 831 1458 915 1525; x_wconf 91' lang='lat' dir='ltr'>inter</span> <span class='ocrx_word' id='word_1_68' title='bbox 936 1459 1099 1525; x_wconf 89' lang='lat' dir='ltr'>Xanthum</span> <span class='ocrx_word' id='word_1_69' title='bbox 1121 1464 1154 1528; x_wconf 92' lang='lat' dir='ltr'>et</span> <span class='ocrx_word' id='word_1_70' title='bbox 1176 1458 1341 1524; x_wconf 84' lang='lat' dir='ltr'>Nicolaum</span> 
     </span>
     <span class='ocr_line' id='line_1_11' title="bbox 306 1559 891 1644; baseline 0.002 -20"><span class='ocrx_word' id='word_1_71' title='bbox 306 1559 487 1627; x_wconf 80' lang='lat' dir='ltr'>intercedat</span> <span class='ocrx_word' id='word_1_72' title='bbox 508 1566 632 1644; x_wconf 82' lang='lat' dir='ltr'>agetur,</span> <span class='ocrx_word' id='word_1_73' title='bbox 658 1560 891 1627; x_wconf 85' lang='lat' dir='ltr'>tractabuntur.</span> 
     </span>
    </p>

    <p class='ocr_par' dir='ltr' id='par_1_3' title="bbox 303 1662 1342 3190">
     <span class='ocr_line' id='line_1_12' title="bbox 392 1662 1341 1748; baseline 0.002 -20"><span class='ocrx_word' id='word_1_74' title='bbox 392 1662 438 1728; x_wconf 85' lang='lat' dir='ltr'>At</span> <span class='ocrx_word' id='word_1_75' title='bbox 460 1681 520 1728; x_wconf 93' lang='lat' dir='ltr'>uon</span> <span class='ocrx_word' id='word_1_76' title='bbox 543 1662 772 1747; x_wconf 83' lang='lat' dir='ltr'>neglegendum</span> <span class='ocrx_word' id='word_1_77' title='bbox 803 1672 853 1732; x_wconf 92' lang='lat' dir='ltr'>est</span> <span class='ocrx_word' id='word_1_78' title='bbox 875 1663 964 1730; x_wconf 89' lang='lat' dir='ltr'>aliud</span> <span class='ocrx_word' id='word_1_79' title='bbox 985 1663 1218 1744; x_wconf 90' lang='lat' dir='ltr'>testimouium,</span> <span class='ocrx_word' id='word_1_80' title='bbox 1246 1666 1341 1748; x_wconf 87' lang='lat' dir='ltr'>quod,</span> 
     </span>
     <span class='ocr_line' id='line_1_13' title="bbox 306 1765 1341 1850; baseline 0.004 -21"><span class='ocrx_word' id='word_1_81' title='bbox 306 1770 476 1849; x_wconf 86' lang='lat' dir='ltr'>postquam</span> <span class='ocrx_word' id='word_1_82' title='bbox 500 1765 683 1833; x_wconf 87' lang='lat' dir='ltr'>Welokerus</span> <span class='ocrx_word' id='word_1_83' title='bbox 711 1767 744 1832; x_wconf 94' lang='lat' dir='ltr'>in</span> <span class='ocrx_word' id='word_1_84' title='bbox 773 1785 843 1833; x_wconf 90' lang='lat' dir='ltr'>eam</span> <span class='ocrx_word' id='word_1_85' title='bbox 872 1786 938 1833; x_wconf 91' lang='lat' dir='ltr'>rem</span> <span class='ocrx_word' id='word_1_86' title='bbox 969 1767 1150 1850; x_wconf 87' lang='lat' dir='ltr'>inquisivit,</span> <span class='ocrx_word' id='word_1_87' title='bbox 1180 1767 1341 1834; x_wconf 83' lang='lat' dir='ltr'>aGoheto</span> 
     </span>
     <span class='ocr_line' id='line_1_14' title="bbox 309 1867 1342 1952; baseline 0.001 -18"><span class='ocrx_word' id='word_1_88' title='bbox 309 1867 429 1934; x_wconf 93' lang='lat' dir='ltr'>editum</span> <span class='ocrx_word' id='word_1_89' title='bbox 452 1869 547 1936; x_wconf 82' lang='lat' dir='ltr'>valde</span> <span class='ocrx_word' id='word_1_90' title='bbox 569 1870 637 1936; x_wconf 90' lang='lat' dir='ltr'>cius</span> <span class='ocrx_word' id='word_1_91' title='bbox 659 1871 968 1952; x_wconf 84' lang='lat' dir='ltr'>argumentationem</span> <span class='ocrx_word' id='word_1_92' title='bbox 998 1870 1152 1936; x_wconf 83' lang='lat' dir='ltr'>adiuvere</span> <span class='ocrx_word' id='word_1_93' title='bbox 1172 1870 1342 1939; x_wconf 81' lang='lat' dir='ltr'>videbatur</span> 
     </span>
     <span class='ocr_line' id='line_1_15' title="bbox 307 1971 1342 2058; baseline -0.001 -20"><span class='ocrx_word' id='word_1_94' title='bbox 307 1971 598 2058; x_wconf 79' lang='lat' dir='ltr'>Schneidewino1).</span> <span class='ocrx_word' id='word_1_95' title='bbox 642 1972 704 2050; x_wconf 82' lang='lat' dir='ltr'>Qui</span> <span class='ocrx_word' id='word_1_96' title='bbox 726 1972 809 2038; x_wconf 90' lang='lat' dir='ltr'>enim</span> <span class='ocrx_word' id='word_1_97' title='bbox 833 1991 905 2040; x_wconf 93' lang='lat' dir='ltr'>cum</span> <span class='ocrx_word' id='word_1_98' title='bbox 921 1973 1019 2040; x_wconf 86' lang='lat' dir='ltr'>verba</span> <span class='ocrx_word' id='word_1_99' title='bbox 1033 1974 1195 2053; x_wconf 87' lang='lat' dir='ltr'>redderet,</span> <span class='ocrx_word' id='word_1_100' title='bbox 1217 1992 1299 2057; x_wconf 84' lang='lat' dir='ltr'>quae</span> <span class='ocrx_word' id='word_1_101' title='bbox 1321 1992 1342 2037; x_wconf 87' lang='lat' dir='ltr'>a</span> 
     </span>
     <span class='ocr_line' id='line_1_16' title="bbox 308 2073 1340 2160; baseline 0.002 -20"><span class='ocrx_word' id='word_1_102' title='bbox 308 2073 430 2141; x_wconf 85' lang='lat' dir='ltr'>Graeco</span> <span class='ocrx_word' id='word_1_103' title='bbox 451 2074 616 2158; x_wconf 84' lang='lat' dir='ltr'>Euripidis</span> <span class='ocrx_word' id='word_1_104' title='bbox 637 2077 830 2160; x_wconf 80' lang='lat' dir='ltr'>explicatque</span> <span class='ocrx_word' id='word_1_105' title='bbox 852 2075 894 2143; x_wconf 91' lang='lat' dir='ltr'>ad</span> <span class='ocrx_word' id='word_1_106' title='bbox 909 2077 1007 2143; x_wconf 83' lang='lat' dir='ltr'>Andr.</span> <span class='ocrx_word' id='word_1_107' title='bbox 1025 2078 1066 2142; x_wconf 92' lang='lat'>10</span> <span class='ocrx_word' id='word_1_108' title='bbox 1080 2081 1235 2144; x_wconf 85' lang='lat' dir='ltr'>annotata</span> <span class='ocrx_word' id='word_1_109' title='bbox 1250 2081 1340 2142; x_wconf 85' lang='lat' dir='ltr'>sunt:</span> 
     </span>
     <span class='ocr_line' id='line_1_17' title="bbox 309 2171 1342 2267; baseline -0.001 -23"><span class='ocrx_word' id='word_1_110' title='bbox 309 2173 445 2251; x_wconf 71' lang='grc' dir='ltr'><em>Ξάνθον</em></span> <span class='ocrx_word' id='word_1_111' title='bbox 464 2175 523 2244; x_wconf 80' lang='grc' dir='ltr'>τὸν</span> <span class='ocrx_word' id='word_1_112' title='bbox 544 2177 585 2244; x_wconf 81' lang='grc' dir='ltr'>τὰ</span> <span class='ocrx_word' id='word_1_113' title='bbox 600 2176 756 2248; x_wconf 84' lang='grc' dir='ltr'><em>Λυδιακᾶ</em></span> <span class='ocrx_word' id='word_1_114' title='bbox 779 2174 981 2264; x_wconf 78' lang='grc' dir='ltr'><strong><em>συντάξαντά</em></strong></span> <span class='ocrx_word' id='word_1_115' title='bbox 1002 2200 1086 2267; x_wconf 83' lang='grc' dir='ltr'><strong><em>φασι</em></strong></span> <span class='ocrx_word' id='word_1_116' title='bbox 1108 2171 1159 2246; x_wconf 83' lang='grc' dir='ltr'>ὅτι</span> <span class='ocrx_word' id='word_1_117' title='bbox 1180 2171 1342 2267; x_wconf 78' lang='grc' dir='ltr'><em>Εὐριπίδῃ</em></span> 
     </span>
     <span class='ocr_line' id='line_1_18' title="bbox 308 2276 1340 2371; baseline -0.002 -23"><span class='ocrx_word' id='word_1_118' title='bbox 308 2276 446 2369; x_wconf 68' lang='grc' dir='ltr'>σύιηθες</span> <span class='ocrx_word' id='word_1_119' title='bbox 467 2279 636 2368; x_wconf 79' lang='grc' dir='ltr'><strong><em>προςέχειν</em></strong></span> <span class='ocrx_word' id='word_1_120' title='bbox 658 2279 736 2370; x_wconf 79' lang='grc' dir='ltr'><em>περὶ</em></span> <span class='ocrx_word' id='word_1_121' title='bbox 761 2283 834 2360; x_wconf 82' lang='grc' dir='ltr'><strong><em>τοῖς</em></strong></span> <span class='ocrx_word' id='word_1_122' title='bbox 860 2284 1037 2371; x_wconf 86' lang='grc' dir='ltr'><strong><em>Τρωικοῖς,</em></strong></span> <span class='ocrx_word' id='word_1_123' title='bbox 1067 2303 1106 2350; x_wconf 87' lang='lat' dir='ltr'>ea</span> <span class='ocrx_word' id='word_1_124' title='bbox 1135 2283 1223 2349; x_wconf 87' lang='lat' dir='ltr'>haud</span> <span class='ocrx_word' id='word_1_125' title='bbox 1250 2280 1340 2363; x_wconf 85' lang='lat' dir='ltr'>parvi</span> 
     </span>
     <span class='ocr_line' id='line_1_19' title="bbox 307 2385 1341 2455; baseline -0.003 -3"><span class='ocrx_word' id='word_1_126' title='bbox 307 2387 458 2452; x_wconf 91' lang='lat' dir='ltr'>momenti</span> <span class='ocrx_word' id='word_1_127' title='bbox 486 2403 555 2452; x_wconf 89' lang='lat' dir='ltr'>essa</span> <span class='ocrx_word' id='word_1_128' title='bbox 586 2385 763 2452; x_wconf 84' lang='lat' dir='ltr'>arbitratus</span> <span class='ocrx_word' id='word_1_129' title='bbox 793 2391 843 2454; x_wconf 90' lang='lat' dir='ltr'>est</span> <span class='ocrx_word' id='word_1_130' title='bbox 874 2388 917 2453; x_wconf 92' lang='lat' dir='ltr'>ad</span> <span class='ocrx_word' id='word_1_131' title='bbox 940 2387 1096 2455; x_wconf 89' lang='lat' dir='ltr'>Welekeri</span> <span class='ocrx_word' id='word_1_132' title='bbox 1118 2404 1246 2453; x_wconf 86' lang='lat' dir='ltr'>causam</span> <span class='ocrx_word' id='word_1_133' title='bbox 1269 2402 1341 2451; x_wconf 89' lang='lat' dir='ltr'>eon-</span> 
     </span>
     <span class='ocr_line' id='line_1_20' title="bbox 305 2487 1340 2573; baseline -0.002 -18"><span class='ocrx_word' id='word_1_134' title='bbox 305 2487 511 2570; x_wconf 83' lang='lat' dir='ltr'>firmandam‚</span> <span class='ocrx_word' id='word_1_135' title='bbox 534 2488 652 2557; x_wconf 91' lang='lat' dir='ltr'>oblitus</span> <span class='ocrx_word' id='word_1_136' title='bbox 674 2508 769 2573; x_wconf 85' lang='lat' dir='ltr'>saepe</span> <span class='ocrx_word' id='word_1_137' title='bbox 790 2510 812 2557; x_wconf 85' lang='lat' dir='ltr'>a</span> <span class='ocrx_word' id='word_1_138' title='bbox 834 2489 994 2558; x_wconf 86' lang='lat' dir='ltr'>veteribus</span> <span class='ocrx_word' id='word_1_139' title='bbox 1017 2489 1147 2573; x_wconf 80' lang='lat' dir='ltr'>tragicis</span> <span class='ocrx_word' id='word_1_140' title='bbox 1169 2508 1207 2556; x_wconf 87' lang='lat' dir='ltr'>ex</span> <span class='ocrx_word' id='word_1_141' title='bbox 1229 2489 1340 2554; x_wconf 85' lang='lat' dir='ltr'>carmi·</span> 
     </span>
     <span class='ocr_line' id='line_1_21' title="bbox 305 2591 1341 2677; baseline -0.001 -20"><span class='ocrx_word' id='word_1_142' title='bbox 305 2592 399 2660; x_wconf 90' lang='lat' dir='ltr'>nibus</span> <span class='ocrx_word' id='word_1_143' title='bbox 421 2591 562 2676; x_wconf 85' lang='lat' dir='ltr'>antiquis</span> <span class='ocrx_word' id='word_1_144' title='bbox 584 2599 617 2659; x_wconf 89' lang='lat' dir='ltr'>et</span> <span class='ocrx_word' id='word_1_145' title='bbox 639 2611 678 2658; x_wconf 84' lang='lat' dir='ltr'>ex</span> <span class='ocrx_word' id='word_1_146' title='bbox 693 2592 959 2677; x_wconf 83' lang='lat' dir='ltr'>logcgraphorum</span> <span class='ocrx_word' id='word_1_147' title='bbox 981 2591 1072 2658; x_wconf 87' lang='lat' dir='ltr'>libris</span> <span class='ocrx_word' id='word_1_148' title='bbox 1095 2593 1197 2658; x_wconf 90' lang='lat' dir='ltr'>multa</span> <span class='ocrx_word' id='word_1_149' title='bbox 1218 2591 1251 2657; x_wconf 93' lang='lat' dir='ltr'>in</span> <span class='ocrx_word' id='word_1_150' title='bbox 1274 2598 1341 2656; x_wconf 84' lang='lat' dir='ltr'>tra·</span> 
     </span>
     <span class='ocr_line' id='line_1_22' title="bbox 303 2693 1340 2778; baseline -0.003 -17"><span class='ocrx_word' id='word_1_151' title='bbox 303 2696 435 2778; x_wconf 83' lang='lat' dir='ltr'>goedias</span> <span class='ocrx_word' id='word_1_152' title='bbox 458 2713 527 2761; x_wconf 88' lang='lat' dir='ltr'>esse</span> <span class='ocrx_word' id='word_1_153' title='bbox 549 2695 739 2762; x_wconf 50' lang='lat' dir='ltr'>translata«</span> <span class='ocrx_word' id='word_1_154' title='bbox 769 2696 860 2774; x_wconf 79' lang='lat' dir='ltr'>Quod</span> <span class='ocrx_word' id='word_1_155' title='bbox 893 2715 964 2762; x_wconf 92' lang='lat' dir='ltr'>cum</span> <span class='ocrx_word' id='word_1_156' title='bbox 994 2695 1035 2762; x_wconf 90' lang='lat' dir='ltr'>de</span> <span class='ocrx_word' id='word_1_157' title='bbox 1066 2693 1223 2777; x_wconf 89' lang='lat' dir='ltr'>Sophocle</span> <span class='ocrx_word' id='word_1_158' title='bbox 1256 2693 1340 2760; x_wconf 89' lang='lat' dir='ltr'>inter</span> 
     </span>
     <span class='ocr_line' id='line_1_23' title="bbox 305 2796 1340 2883; baseline -0.002 -19"><span class='ocrx_word' id='word_1_159' title='bbox 305 2816 412 2865; x_wconf 87' lang='lat' dir='ltr'>omnes</span> <span class='ocrx_word' id='word_1_160' title='bbox 434 2797 603 2883; x_wconf 76' lang='lat' dir='ltr'>constet²l</span> <span class='ocrx_word' id='word_1_161' title='bbox 626 2803 659 2866; x_wconf 93' lang='lat' dir='ltr'>et</span> <span class='ocrx_word' id='word_1_162' title='bbox 673 2797 839 2880; x_wconf 82' lang='lat' dir='ltr'>Euripidis</span> <span class='ocrx_word' id='word_1_163' title='bbox 861 2798 1120 2866; x_wconf 90' lang='lat' dir='ltr'>consuetudinem</span> <span class='ocrx_word' id='word_1_164' title='bbox 1143 2796 1242 2863; x_wconf 91' lang='lat' dir='ltr'>fnisse</span> <span class='ocrx_word' id='word_1_165' title='bbox 1265 2815 1340 2862; x_wconf 94' lang='lat' dir='ltr'>non·</span> 
     </span>
     <span class='ocr_line' id='line_1_24' title="bbox 306 2901 1339 2985; baseline -0.002 -19"><span class='ocrx_word' id='word_1_166' title='bbox 306 2901 401 2968; x_wconf 91' lang='lat' dir='ltr'>nullis</span> <span class='ocrx_word' id='word_1_167' title='bbox 424 2901 635 2968; x_wconf 88' lang='lat' dir='ltr'>demonstrari</span> <span class='ocrx_word' id='word_1_168' title='bbox 653 2901 730 2968; x_wconf 92' lang='lat' dir='ltr'>licet</span> <span class='ocrx_word' id='word_1_169' title='bbox 743 2901 905 2985; x_wconf 86' lang='lat' dir='ltr'>exemplis.</span> <span class='ocrx_word' id='word_1_170' title='bbox 948 2901 1031 2968; x_wconf 86' lang='lat' dir='ltr'>Nam</span> <span class='ocrx_word' id='word_1_171' title='bbox 1054 2902 1130 2984; x_wconf 90' lang='lat' dir='ltr'>quin</span> <span class='ocrx_word' id='word_1_172' title='bbox 1152 2901 1180 2968; x_wconf 90' lang='lat' dir='ltr'>is</span> <span class='ocrx_word' id='word_1_173' title='bbox 1202 2919 1339 2983; x_wconf 86' lang='lat' dir='ltr'>pugnam</span> 
     </span>
     <span class='ocr_line' id='line_1_25' title="bbox 306 3004 1340 3071; baseline -0.002 -1"><span class='ocrx_word' id='word_1_174' title='bbox 306 3023 421 3070; x_wconf 86' lang='lat' dir='ltr'>canens</span> <span class='ocrx_word' id='word_1_175' title='bbox 454 3024 475 3069; x_wconf 89' lang='lat' dir='ltr'>a</span> <span class='ocrx_word' id='word_1_176' title='bbox 504 3004 624 3071; x_wconf 83' lang='lat' dir='ltr'>Cadmo</span> <span class='ocrx_word' id='word_1_177' title='bbox 655 3010 765 3071; x_wconf 79' lang='lat' dir='ltr'>contro</span> <span class='ocrx_word' id='word_1_178' title='bbox 794 3005 909 3071; x_wconf 87' lang='lat' dir='ltr'>Martis</span> <span class='ocrx_word' id='word_1_179' title='bbox 946 3005 1114 3071; x_wconf 89' lang='lat' dir='ltr'>draconem</span> <span class='ocrx_word' id='word_1_180' title='bbox 1144 3005 1340 3070; x_wconf 85' lang='lat' dir='ltr'>decertatam</span> 
     </span>
     <span class='ocr_line' id='line_1_26' title="bbox 305 3106 1340 3190; baseline -0.005 -16"><span class='ocrx_word' id='word_1_181' title='bbox 305 3107 505 3175; x_wconf 82' lang='lat' dir='ltr'>Hellenieum</span> <span class='ocrx_word' id='word_1_182' title='bbox 528 3112 656 3174; x_wconf 75' lang='lat' dir='ltr'>mcutus</span> <span class='ocrx_word' id='word_1_183' title='bbox 677 3108 780 3190; x_wconf 78' lang='lat' dir='ltr'>sit⁸)‚</span> <span class='ocrx_word' id='word_1_184' title='bbox 803 3107 920 3174; x_wconf 92' lang='lat' dir='ltr'>nemini</span> <span class='ocrx_word' id='word_1_185' title='bbox 943 3107 1075 3174; x_wconf 91' lang='lat' dir='ltr'>dubium</span> <span class='ocrx_word' id='word_1_186' title='bbox 1097 3106 1174 3188; x_wconf 90' lang='lat' dir='ltr'>erit,</span> <span class='ocrx_word' id='word_1_187' title='bbox 1208 3107 1263 3189; x_wconf 93' lang='lat' dir='ltr'>qui</span> <span class='ocrx_word' id='word_1_188' title='bbox 1285 3123 1340 3170; x_wconf 84' lang='lat' dir='ltr'>vo-</span> 
     </span>
    </p>
   </div>
   <div class='ocr_carea' id='block_1_3' title="bbox 303 3381 1364 4244">
    <p class='ocr_par' dir='ltr' id='par_1_4' title="bbox 304 3381 1340 3547">
     <span class='ocr_line' id='line_1_27' title="bbox 393 3381 1340 3462; baseline -0.004 -16"><span class='ocrx_word' id='word_1_189' title='bbox 393 3389 421 3459; x_wconf 90' lang='lat' dir='ltr'>l)</span> <span class='ocrx_word' id='word_1_190' title='bbox 444 3385 575 3462; x_wconf 73' lang='lat' dir='ltr'>nursing.</span> <span class='ocrx_word' id='word_1_191' title='bbox 599 3384 663 3444; x_wconf 83' lang='lat' dir='ltr'>(iel.</span> <span class='ocrx_word' id='word_1_192' title='bbox 689 3388 783 3460; x_wconf 82' lang='lat' dir='ltr'>Anng.</span> <span class='ocrx_word' id='word_1_193' title='bbox 815 3385 895 3445; x_wconf 82' lang='lat'>1847</span> <span class='ocrx_word' id='word_1_194' title='bbox 926 3404 955 3461; x_wconf 91' lang='lat' dir='ltr'>p.</span> <span class='ocrx_word' id='word_1_195' title='bbox 982 3388 1076 3458; x_wconf 76' lang='lat'>15443</span> <span class='ocrx_word' id='word_1_196' title='bbox 1109 3385 1140 3445; x_wconf 86' lang='lat' dir='ltr'>(l.</span> <span class='ocrx_word' id='word_1_197' title='bbox 1171 3381 1206 3445; x_wconf 79' lang='lat' dir='ltr'>d.</span> <span class='ocrx_word' id='word_1_198' title='bbox 1229 3384 1340 3443; x_wconf 80' lang='lat' dir='ltr'>Cobet:</span> 
     </span>
     <span class='ocr_line' id='line_1_28' title="bbox 304 3471 955 3547; baseline 0 -17"><span class='ocrx_word' id='word_1_199' title='bbox 304 3471 423 3532; x_wconf 84' lang='lat' dir='ltr'>Scholia</span> <span class='ocrx_word' id='word_1_200' title='bbox 444 3471 476 3529; x_wconf 92' lang='lat' dir='ltr'>in</span> <span class='ocrx_word' id='word_1_201' title='bbox 499 3471 651 3546; x_wconf 88' lang='lat' dir='ltr'>Euripidis</span> <span class='ocrx_word' id='word_1_202' title='bbox 672 3472 839 3547; x_wconf 83' lang='lat' dir='ltr'>tragoedias</span> <span class='ocrx_word' id='word_1_203' title='bbox 864 3475 955 3530; x_wconf 83' lang='grc'><strong>1846.</strong></span> 
     </span>
    </p>

    <p class='ocr_par' dir='ltr' id='par_1_5' title="bbox 303 3555 1337 3722">
     <span class='ocr_line' id='line_1_29' title="bbox 391 3555 1337 3634; baseline -0.004 -20"><span class='ocrx_word' id='word_1_204' title='bbox 391 3557 422 3634; x_wconf 79' lang='grc'>2)</span> <span class='ocrx_word' id='word_1_205' title='bbox 445 3557 483 3617; x_wconf 87' lang='lat' dir='ltr'>of.</span> <span class='ocrx_word' id='word_1_206' title='bbox 506 3557 713 3616; x_wconf 88' lang='lat' dir='ltr'>adnotationes</span> <span class='ocrx_word' id='word_1_207' title='bbox 728 3557 833 3617; x_wconf 83' lang='lat' dir='ltr'>Stainii</span> <span class='ocrx_word' id='word_1_208' title='bbox 857 3558 894 3615; x_wconf 88' lang='lat' dir='ltr'>ad</span> <span class='ocrx_word' id='word_1_209' title='bbox 916 3556 1059 3620; x_wconf 88' lang='lat' dir='ltr'>Herodot.</span> <span class='ocrx_word' id='word_1_210' title='bbox 1082 3557 1097 3615; x_wconf 95' lang='grc' dir='ltr'><strong>Ι</strong></span> <span class='ocrx_word' id='word_1_211' title='bbox 1121 3561 1170 3627; x_wconf 86' lang='grc'>35,</span> <span class='ocrx_word' id='word_1_212' title='bbox 1193 3555 1244 3613; x_wconf 92' lang='lat' dir='ltr'>III</span> <span class='ocrx_word' id='word_1_213' title='bbox 1270 3557 1337 3625; x_wconf 83' lang='lat'>119,</span> 
     </span>
     <span class='ocr_line' id='line_1_30' title="bbox 303 3635 1240 3722; baseline -0.004 -18"><span class='ocrx_word' id='word_1_214' title='bbox 303 3644 347 3707; x_wconf 84' lang='lat' dir='ltr'>IV</span> <span class='ocrx_word' id='word_1_215' title='bbox 371 3647 421 3716; x_wconf 84' lang='lat'>96,</span> <span class='ocrx_word' id='word_1_216' title='bbox 443 3643 551 3702; x_wconf 85' lang='lat' dir='ltr'>Oobet:</span> <span class='ocrx_word' id='word_1_217' title='bbox 573 3641 752 3714; x_wconf 85' lang='lat' dir='ltr'>Herodotea,</span> <span class='ocrx_word' id='word_1_218' title='bbox 776 3644 970 3720; x_wconf 83' lang='lat' dir='ltr'>Mnemosyne</span> <span class='ocrx_word' id='word_1_219' title='bbox 992 3642 1040 3702; x_wconf 90' lang='lat' dir='ltr'>XI</span> <span class='ocrx_word' id='word_1_220' title='bbox 1062 3662 1091 3719; x_wconf 90' lang='lat' dir='ltr'>p.</span> <span class='ocrx_word' id='word_1_221' title='bbox 1117 3635 1240 3722; x_wconf 69' lang='lat' dir='ltr'>latins.</span> 
     </span>
    </p>

    <p class='ocr_par' dir='ltr' id='par_1_6' title="bbox 345 3728 1364 4244">
     <span class='ocr_line' id='line_1_31' title="bbox 390 3728 1364 3808; baseline 0.003 -20"><span class='ocrx_word' id='word_1_222' title='bbox 390 3729 422 3807; x_wconf 84' lang='grc'>3)</span> <span class='ocrx_word' id='word_1_223' title='bbox 444 3728 602 3806; x_wconf 84' lang='lat' dir='ltr'>Euripides</span> <span class='ocrx_word' id='word_1_224' title='bbox 625 3728 778 3788; x_wconf 89' lang='lat' dir='ltr'>Phoeniss.</span> <span class='ocrx_word' id='word_1_225' title='bbox 805 3731 863 3788; x_wconf 82' lang='grc'>661</span> <span class='ocrx_word' id='word_1_226' title='bbox 889 3747 971 3808; x_wconf 78' lang='lat' dir='ltr'>sqq:</span> <span class='ocrx_word' id='word_1_227' title='bbox 1361 3749 1364 3756; x_wconf 90' lang='lat'>·</span> 
     </span>
     <span class='ocr_line' id='line_1_32' title="bbox 347 3802 1338 3914; baseline -0.006 -40"><span class='ocrx_word' id='word_1_228' title='bbox 347 3807 383 3874; x_wconf 71' lang='grc' dir='ltr'>ὃν</span> <span class='ocrx_word' id='word_1_229' title='bbox 412 3808 477 3893; x_wconf 74' lang='grc' dir='ltr'>(τὸν</span> <span class='ocrx_word' id='word_1_230' title='bbox 499 3806 658 3914; x_wconf 64' lang='lat' dir='ltr'>opizone)</span> <span class='ocrx_word' id='word_1_231' title='bbox 693 3808 742 3873; x_wconf 77' lang='grc' dir='ltr'>ἐπὶ</span> <span class='ocrx_word' id='word_1_232' title='bbox 771 3809 908 3893; x_wconf 77' lang='grc' dir='ltr'>χέρνιβας</span> <span class='ocrx_word' id='word_1_233' title='bbox 930 3805 1029 3890; x_wconf 75' lang='lat' dir='ltr'>polein</span> <span class='ocrx_word' id='word_1_234' title='bbox 1095 3802 1221 3887; x_wconf 73' lang='grc' dir='ltr'><strong><em>Κάδμος</em></strong></span> <span class='ocrx_word' id='word_1_235' title='bbox 1251 3802 1338 3870; x_wconf 74' lang='grc' dir='ltr'><strong><em>ὄλεσε</em></strong></span> 
     </span>
     <span class='ocr_line' id='line_1_33' title="bbox 345 3919 1185 4132; baseline -0.005 -87"><span class='ocrx_word' id='word_1_236' title='bbox 345 3919 771 4132; x_wconf 50' lang='grc' dir='ltr'>σέἵᾶτα’φῇἴιῖῖμῖΐ31ἰῖθηλῖῗὲ</span> <span class='ocrx_word' id='word_1_237' title='bbox 814 3978 946 4128; x_wconf 52' lang='lat' dir='ltr'>siligo}</span> <span class='ocrx_word' id='word_1_238' title='bbox 968 3975 1060 4044; x_wconf 72' lang='lat' dir='ltr'>condo</span> <span class='ocrx_word' id='word_1_239' title='bbox 1082 3981 1185 4061; x_wconf 74' lang='grc' dir='ltr'><strong><em>βολαῖς</em></strong></span> 
     </span>
     <span class='ocr_line' id='line_1_34' title="bbox 346 4085 1146 4244; baseline -0.005 -27"><span class='ocrx_word' id='word_1_240' title='bbox 346 4091 594 4244; x_wconf 51' lang='grc' dir='ltr'>γααπςετῖἴςατδῖξῗν</span> <span class='ocrx_word' id='word_1_241' title='bbox 617 4091 752 4232; x_wconf 60' lang='grc' dir='ltr'>ὄδόναταζ</span> <span class='ocrx_word' id='word_1_242' title='bbox 766 4091 808 4228; x_wconf 53' lang='lat' dir='ltr'>coli</span> <span class='ocrx_word' id='word_1_243' title='bbox 822 4085 1039 4240; x_wconf 53' lang='grc' dir='ltr'>ἷὲἕυέπῒὸιρονς</span> <span class='ocrx_word' id='word_1_244' title='bbox 1059 4115 1146 4242; x_wconf 19' lang='grc' dir='ltr'>Δγὺγοις,</span> 
     </span>
    </p>
   </div>
   <div class='ocr_carea' id='block_1_4' title="bbox 0 0 1564 4888">
    <p class='ocr_par' dir='ltr' id='par_1_7' title="bbox 0 0 1564 4888">
     <span class='ocr_line' id='line_1_35' title="bbox 0 0 1564 4888; baseline 0 1"><span class='ocrx_word' id='word_1_245' title='bbox 0 0 1564 4888; x_wconf 95' lang='lat' dir='ltr'> </span> 
     </span>
    </p>
   </div>
  </div>
 </body>
</html>
