3120 4888
674 477 885 544 ,55-

262 643 406 734 τρώγειν,
430 641 487 714 οὐκ
508 643 591 714 ἄλλο
611 647 741 732 ἀγαθὸν
762 642 870 731 οὐδέν,
894 651 1026 735 quibus,
1059 673 1099 718 ne
1122 671 1142 718 a
1164 654 1301 720 veritate

262 751 356 816 nimis
379 753 529 818 recedere
551 753 750 833 viderentur,
784 753 968 820 Herodotus
998 756 1118 822 addere
1149 757 1300 822 debebat:

261 851 412 940 Πέρσῃσι
422 851 493 941 γάρ,
507 851 585 937 πρὶν
593 852 727 932 Λυδοὺς
737 853 1049 942 καταστρέψασθαι,
1066 848 1103 944 ἢν
1114 852 1189 922 oiice
1201 854 1301 945 ἁβρὸν

262 950 334 1020 olba
356 949 484 1041 ἀγαθὸν
505 950 608 1022 οὐδέν.
653 959 786 1022 Accedit
802 960 885 1040 quod
905 960 996 1024 initio
1012 961 1126 1040 capitis
1146 962 1185 1027 71
1205 961 1300 1026 Croe-

262 1077 317 1122 sus
332 1059 364 1123 in
381 1059 617 1142 Cappadociam
636 1059 799 1141 proiectus
817 1080 890 1126 esse
907 1063 1055 1141 traditur,
1076 1065 1197 1145 quade
1216 1069 1301 1128 terra

262 1169 295 1226 et
316 1164 356 1228 de
371 1163 475 1246 Halye
498 1163 627 1228 flumine
649 1163 792 1230 Graecus
815 1165 917 1230 lector
939 1167 1066 1230 demum
1089 1167 1119 1230 iu
1136 1166 1242 1247 capite
1259 1166 1300 1230 72

262 1265 432 1347 edocetur,
464 1265 516 1330 ubi
540 1265 675 1346 legimus
698 1285 718 1330 a
739 1267 871 1332 Graecis
895 1267 1130 1350 Cappadociam
1153 1273 1298 1332 vocatam

261 1386 333 1434 esse
357 1368 491 1450 Syriam.
536 1367 658 1446 Quibus
683 1369 851 1434 decausis
875 1371 951 1434 mihi
966 1389 1156 1452 persuasum
1180 1376 1230 1434 est
1253 1387 1299 1444 ea,

259 1489 342 1551 qrrae
372 1470 478 1551 capite
500 1473 538 1536 71
571 1471 790 1552 continentur,
819 1474 939 1538 Xanthi
962 1473 1111 1555 Lydiacis
1142 1491 1214 1538 esse
1243 1471 1300 1535 tri-

260 1573 404 1654 buenda,
435 1574 549 1656 quibus
572 1574 717 1640 adiunxit
738 1575 769 1640 in
793 1576 898 1656 capite
921 1578 961 1642 72
984 1566 1183 1657 Herodotr'is,
1213 1574 1298 1655 quod

260 1677 390 1740 adrem
419 1676 551 1742 Graecis
584 1676 754 1743 lectoribus
784 1677 1004 1759 explicandam
1035 1678 1155 1760 aliquid
1184 1677 1299 1742 afferre

258 1785 396 1859 putaret.
441 1779 561 1843 Eodem
584 1782 679 1845 modo
702 1779 733 1845 in
751 1779 846 1845 rebus
861 1782 1030 1846 narrandis
1045 1781 1209 1846 Xanthum
1232 1796 1299 1842 ma-

198 1906 201 1911 ·
257 1883 339 1946 xime
371 1887 500 1947 secutus
534 1888 567 1946 et
598 1883 768 1964 nonnulla,
806 1901 888 1964 quae
920 1883 1113 1950 Graecorum
1143 1883 1299 1950 iuteresse
1345 1887 1347 1891 ’

259 1977 492 2067 arbitrabatur,
520 1986 742 2066 superaddens
765 1986 873 2066 capita
896 1987 1021 2052 76-81
1046 1993 1078 2051 et
1100 1987 1153 2065 84,
1183 1987 1298 2068 quibus

259 2086 421 2167 Lydorum
444 2087 581 2152 historia
602 2107 704 2170 usque
727 2090 769 2152 ad
793 2089 1059 2170 expugnationem
1076 2089 1223 2155 Sardium
1246 2090 1301 2154 de-

259 2189 393 2270 ducitur,
413 2189 468 2254 ille
483 2192 702 2273 composuisse
720 2191 855 2257 videtur.
898 2192 965 2257 Nec
988 2193 1080 2272 enim,
1103 2192 1189 2274 quod
1211 2196 1297 2256 recte

258 2291 382 2356 monuit
411 2293 604 2358 Benedictus
618 2298 661 2376 ¹),
696 2295 796 2358 totius
827 2293 901 2359 belli
924 2312 1049 2374 casum,
1085 2311 1225 2374 pugnam
1255 2295 1297 2357 ad

259 2393 376 2459 Sardes
399 2395 616 2477 commissam,
647 2396 734 2462 urbis
766 2396 1034 2479 expugnationem
1066 2394 1129 2460 nisi
1157 2415 1176 2460 a
1199 2396 1297 2478 Lydis

259 2500 324 2560 tarn
348 2497 500 2562 distincte
522 2500 697 2580 comperire
719 2499 833 2581 potuit,
856 2516 914 2563 nec
928 2500 1047 2562 desunt
1062 2497 1205 2579 vestigia,
1228 2498 1298 2578 qui·

258 2597 318 2664 bus
340 2599 511 2682 insistens,
533 2603 640 2667 nescio
663 2620 704 2666 an
728 2601 893 2684 probaturi
915 2600 1030 2679 simus,
1060 2618 1123 2664 non
1146 2601 1297 2665 sermoni-

258 2699 318 2766 bus
332 2701 505 2784 Lydorum,
528 2705 586 2770 sed
601 2703 790 2786 logographi
811 2703 901 2768 libris
923 2702 1123 2767 narrationes
1145 2702 1218 2768 illas
1241 2704 1298 2767 de-

258 2802 335 2867 beri.
379 2803 588 2888 Perspicuum
621 2807 704 2870 enim
735 2814 787 2871 est
807 2805 1004 2871 Herodotum
1036 2805 1098 2886 (cp.
1123 2805 1177 2890 75)
1209 2807 1314 2886 apud

259 2910 421 2970 auctorem
445 2925 537 2971 suurn
560 2907 638 2973 nihil
660 2908 821 2972 invenisse
844 2908 884 2972 de
907 2906 1043 2986 ratione,
1073 2926 1137 2990 qua
1159 2907 1295 2974 Croesus

258 3005 362 3088 Halyn
385 3006 513 3073 fluvium
537 3011 783 3075 transiisset-
813 3010 940 3092 quade
962 3027 996 3073 re
1018 3009 1161 3076 Graecos
1183 3011 1297 3074 certio-

257 3128 309 3174 res
331 3109 437 3176 facere
459 3119 631 3194 propterea
652 3117 793 3195 cuperet,
815 3110 890 3193 quia
912 3111 998 3193 apud
1020 3130 1077 3177 eos
1096 3113 1214 3178 Thales
1236 3113 1296 3176 Mi-

257 3211 356 3276 lesius
389 3215 550 3295 Lydorum
586 3216 758 3281 exercitum
787 3214 1011 3280 transduxisse
1049 3214 1215 3279 dicebatur
1252 3251 1295 3261 -

258 3315 344 3378 unde
366 3317 505 3396 suspicio
529 3325 674 3382 movetur
704 3317 894 3398 exscriptis
917 3335 989 3382 eum
1011 3316 1176 3397 hausisse3
1206 3335 1296 3382 narn-

258 3432 320 3495 que
343 3418 371 3481 si
400 3437 458 3498 per
480 3418 670 3502 colloquium
702 3437 773 3486 curn
795 3420 886 3502 Lydo
917 3420 1028 3501 quovis
1060 3418 1102 3483 de
1123 3418 1232 3484 Croesi
1263 3420 1295 3484 in

258 3517 494 3600 Cappadociam
517 3523 717 3604 expeditione
738 3522 913 3588 instructus
936 3526 1039 3604 esset,
1069 3520 1162 3586 facile
1192 3521 1233 3586 ab
1255 3541 1294 3587 eo

259 3659 298 3668 -
327 3621 395 3688 viro
417 3623 541 3704 patriae
563 3624 716 3690 historiae
737 3644 815 3691 sane
837 3624 1031 3706 peritissimo
1064 3659 1106 3672 -
1136 3624 1177 3689 de
1199 3643 1295 3690 aare

257 3725 377 3807 aliquid
401 3726 569 3792 auditurus
592 3733 680 3810 erat,
712 3729 798 3810 quod
821 3727 950 3792 silentio
973 3745 1036 3792 nou
1066 3726 1295 3809 praeteriisset.

258 3827 389 3910 Deinde,
412 3829 482 3911 quis
506 3848 568 3893 non
592 3830 659 3895 iure
681 3831 822 3910 miretur,
844 3830 954 3912 legens
978 3832 1039 3911 (cp.
1061 3830 1118 3912 77)
1141 3829 1295 3896 Croesum

257 3937 331 4010 post
353 3951 492 4014 pugnam
516 3933 558 3996 ad
579 3931 686 4014 Halyn
708 3931 837 3997 fluvium
866 3932 984 3998 factam
1006 3931 1136 3998 nuntios
1160 3931 1295 4012 misisse,

257 4071 462 4082 ——---..

349 4141 376 4218 1)
399 4141 420 4200 1.
441 4142 461 4199 r.
482 4162 512 4219 p.
537 4147 576 4201 ao
600 4161 645 4222 eq.
