3120 4888
304 680 442 762 probare
464 677 589 750 studuit
613 665 796 745 Wclckerus
827 685 860 744 et
890 679 929 746 ob
953 698 1022 745 eam
1052 687 1119 746 rem
1141 681 1244 744 denuo
1267 661 1339 744 evo-

306 782 391 848 carit
414 781 612 848 Athenaeum
634 785 806 847 testantem
835 782 895 864 (IX
925 782 1042 864 p.v393
1063 781 1108 864 D)
1139 781 1340 864 Cephalionis

306 883 466 966 Gergithii
489 884 603 950 Troica
628 884 668 951 ab
700 883 933 969 Hegesianactc
961 886 1116 969 quodam,
1148 885 1341 976 Alexandria

303 989 426 1054 Troade
446 992 548 1076 nato,
578 988 757 1070 conscripta
789 1007 867 1054 esse
918 988 1046 1055 Etenim
1078 1006 1152 1054 cum
1176 987 1339 1070 Cephalon

305 1111 325 1156 a
357 1090 508 1173 Dionysio
540 1081 675 1174 ἀρχαῖος
703 1087 760 1155 καὶ
789 1085 886 1175 λόγου
916 1083 1010 1171 ἄξιος
1041 1087 1243 1176 συγγραφεὺς
1273 1115 1340 1155 πα-

303 1191 396 1270 λαιίς
426 1188 512 1258 πάνυ
544 1194 724 1274 nominatus
739 1195 769 1274 ¹)
802 1200 835 1260 et
869 1213 889 1259 a
919 1193 1075 1262 Strabone
1106 1194 1256 1259 laudatus
1286 1195 1339 1276 sit,

303 1315 459 1380 apparare
489 1296 575 1376 iam,
604 1297 726 1362 censuit
758 1297 807 1375 vir
838 1297 968 1377 doctus,
998 1296 1134 1379 saepius·
1157 1315 1228 1361 cum
1260 1298 1339 1363 allos

303 1407 371 1467 tum
393 1400 580 1482 Dionysium
597 1398 910 1466 Halicarnassensem
934 1400 1060 1481 spurios
1082 1398 1183 1464 libros
1204 1417 1263 1481 pro
1285 1418 1338 1481 ge·

193 1508 195 1512 ’
239 1492 243 1500 ’
302 1503 407 1569 nninis
429 1502 587 1568 habuisse.
631 1501 753 1579 Quibus
775 1503 841 1584 vir,
873 1503 1074 1568 admirabilis
1095 1521 1173 1568 sanc
1203 1501 1235 1566 in
1257 1501 1339 1582 aliis,

302 1607 464 1689 seipsum
486 1605 550 1671 iam
573 1605 775 1687 redarguisse
801 1606 931 1672 videtur
953 1604 1102 1670 Straboni
1123 1609 1157 1670 et
1178 1605 1339 1687 Dionysio,

303 1710 346 1775 ad
369 1708 583 1791 Cephalonem
605 1707 858 1790 respicientibus
880 1727 918 1774 ex
940 1709 1075 1774 adverso
1097 1726 1217 1788 ponens
1239 1709 1338 1774 Athe-

301 1831 433 1892 naeum,
456 1830 549 1895 quem
572 1815 639 1876 tam
662 1810 866 1894 neglegenter
888 1810 1130 1894 Hegesianactis
1151 1809 1268 1876 librum
1290 1811 1337 1875 in-

302 1915 444 1998 spexisse
475 1914 545 1996 ipse
572 1914 727 1980 concessit
759 1920 796 1980 ut
828 1933 867 1979 ne
896 1932 1008 1980 nomen
1038 1914 1166 1996 quidem
1198 1914 1338 1980 auctoris

301 2020 483 2100 incorrupte
498 2017 649 2083 redderet
675 2022 707 2082 et
721 2036 779 2099 pro
796 2017 956 2099 Cephalon
971 2016 1094 2098 legeret
1109 2016 1283 2100 Cephalion
1297 2018 1338 2100 ²).

301 2123 372 2201 Qua
394 2139 432 2185 ex
454 2120 615 2184 nominum
638 2120 826 2186 diversitate
855 2121 949 2189 facile
972 2120 1134 2202 colligitur
1162 2122 1217 2187 nni
1238 2121 1338 2186 Athe-

301 2242 380 2290 naeo
402 2224 544 2305 spurium
566 2221 809 2305 Hegesianactis
831 2241 927 2305 opus,
948 2223 1032 2306 quod
1057 2223 1259 2305 Cephalionis
1282 2241 1337 2287 no·

301 2328 385 2392 mine
407 2330 553 2390 notatum
576 2330 658 2407 erat,
681 2327 857 2392 occurrisse
865 2341 876 2407 ;·
895 2345 987 2392 nemo
1008 2344 1093 2408 vero,
1116 2345 1186 2392 mea
1208 2327 1337 2410 quidem

300 2429 469 2510 sententia,
491 2428 549 2494 tali
564 2434 752 2510 argumento
768 2429 911 2518 Dionysii
926 2429 1219 2496 Halicarnassensis
1240 2427 1336 2494 fidem

299 2532 434 2599 fractam
458 2549 529 2597 esse
551 2534 732 2598 contendet.

385 2635 451 2700 Nec
484 2639 592 2700 autem
621 2635 743 2716 omnia,
782 2652 864 2717 quae
894 2636 980 2717 apud
1011 2640 1135 2700 veteres
1166 2633 1336 2715 scriptores

298 2739 417 2821 passim
440 2737 663 2819 inveniuntur,
687 2737 899 2821 Lydiacorum
920 2735 1101 2818 fragmenta
1123 2756 1141 2803 e
1164 2737 1335 2820 Scytobra·

299 2841 419 2908 chionis
440 2858 535 2923 opere
556 2839 684 2906 fluxisse
707 2839 870 2906 Walckero
891 2840 1027 2922 placuit;
1050 2844 1189 2923 quatuor
1209 2861 1231 2905 a
1246 2841 1335 2907 Stra-

299 2945 379 3010 bone
401 2950 546 3026 seruata‚
577 2944 611 3010 in
634 2945 748 3028 quibus
769 2944 973 3025 incorruptae
995 2945 1167 3010 vetustatis
1198 2945 1335 3010 colorem

299 3050 379 3114 adeo
401 3053 562 3113 seruatum
585 3065 655 3113 esse
678 3047 803 3113 censuit
834 3052 870 3112 ut
899 3046 1042 3111 redolere
1064 3051 1227 3128 tamquam
1250 3047 1335 3112 anti·

298 3151 454 3233 quitatem
475 3149 660 3216 viderentur
690 3156 724 3214 et
749 3168 769 3214 a
792 3148 1060 3233 Scytobrachione
1083 3147 1242 3214 fabricata
1263 3167 1333 3215 esse

298 3273 359 3320 non
373 3261 511 3336 possent,
527 3253 700 3335 excepicr).
745 3252 942 3335 Excipienda
964 3269 1040 3317 sane
1061 3255 1154 3316 erant
1167 3251 1236 3318 viro
1260 3253 1333 3316 doc-

298 3358 422 3423 tissimo
445 3357 506 3424 nisi
528 3355 612 3421 forte
633 3357 823 3422 contendere
845 3355 946 3422 voluit
968 3355 1222 3437 Eratosthenem,
1244 3356 1334 3422 cuius

298 3480 315 3526 e
337 3459 428 3525 libris
444 3459 630 3526 Strabonem
653 3459 797 3525 hausisse
818 3459 887 3541 ipse
910 3459 1066 3540 cognovit,
1090 3458 1333 3540 Scytobrachio·

298 3564 347 3628 nis
368 3562 517 3644 Lydiacis
539 3580 609 3628 esse
631 3581 741 3644 usum,
763 3563 848 3645 quod
872 3581 945 3627 vere
967 3562 1088 3628 factum
1110 3579 1180 3628 csse
1201 3568 1334 3644 propter

242 3752 245 3758 Ι
298 3672 476 3748 temporum
499 3667 652 3732 rationem
672 3666 808 3749 cogitari
823 3666 943 3749 nequit.
988 3666 1057 3730 Iam
1078 3665 1177 3746 igitur
1199 3680 1260 3727 non
1284 3681 1333 3728 so

296 3769 361 3834 lum
377 3769 508 3852 Ephori,
531 3769 699 3835 sedetiam
715 3767 938 3834 Eratosthenis
961 3772 1069 3835 aetate
1088 3772 1198 3835 vetera
1212 3765 1334 3832 Xanthi

438 4029 564 4109 Antiqq.
588 4029 672 4089 Rom.
695 4029 720 4103 Ι,
744 4033 794 4104 49,
820 4030 868 4091 72.

436 4116 456 4178 l.
478 4115 498 4176 l.
520 4136 550 4194 p.
573 4119 643 4174 434.

436 4203 525 4280 Apud
548 4202 708 4260 Miillerum
731 4201 848 4262 Xanthi
870 4201 974 4274 fragm.
997 4204 1026 4274 3,
1044 4204 1071 4274 4,
1089 4204 1116 4274 b,
1133 4205 1162 4260 8.
