3120 4888
618 438 831 504 ..39-

208 627 302 690 quern
324 609 495 690 pertinent,
517 627 598 692 quae
621 608 806 676 Herodotus
828 609 860 674 in
876 608 1036 690 capitibus
1052 608 1247 676 7-13.1ibri

208 710 304 794 primi
326 713 437 790 tradit,
459 711 609 778 Nicolaus
631 712 663 777 in
686 711 788 778 altera
811 717 905 793 parte
927 710 1096 793 fragmenti
1116 710 1159 776 48
1182 715 1246 793 (ap.

208 813 304 880 Diud.
320 833 351 896 p.
367 814 509 899 sau-36)
532 820 652 896 narrat,
676 815 729 880 ubi
754 814 832 880 haec
854 813 922 880 lere
936 814 1103 895 leguntur:
1126 813 1247 897 Dascy-

207 916 274 997 lus,
304 911 358 996 qui
389 922 521 998 propter
552 928 677 984 veteres
706 916 961 984 Heraclidarum·
981 915 1115 982 iniurias
1143 917 1248 999 gentis

209 1017 417 1084 Mormnadae
439 1019 548 1102 Myrso
578 1023 732 1101 regnante
762 1038 801 1084 ex
830 1019 933 1100 Lydia
963 1017 1108 1099 fugerat,
1141 1037 1161 1084 a
1190 1017 1248 1084 Sa-

209 1122 331 1202 dyatte‚
353 1120 455 1203 Myrai
476 1119 559 1201 filio,
581 1121 743 1203 Lydorum
766 1136 842 1203 rege
864 1127 1033 1187 reuocatus
1054 1119 1087 1185 in
1109 1119 1248 1202 patriam

208 1223 277 1305 ipse
298 1223 404 1289 redire
426 1241 487 1288 noo
510 1241 607 1288 ausus
632 1229 690 1303 est,
711 1222 812 1291 filium
833 1242 909 1289 vero
933 1223 1074 1307 Gygam,
1095 1222 1248 1288 duodevi—
1378 1309 1388 1320 ..

208 1325 290 1406 giuti
312 1343 466 1391 annorum
498 1325 735 1392 adulescentem
765 1325 870 1405 misit,
902 1326 959 1408 qui
986 1322 1073 1390 inter
1099 1323 1248 1406 aequales

208 1425 446 1509 pulchritudine
468 1434 502 1493 et
522 1429 643 1494 virtute
664 1430 746 1494 adeo
761 1427 945 1509 excellebat,
969 1433 1006 1493 ut
1027 1447 1047 1492 a
1068 1446 1143 1508 rege
1165 1427 1249 1492 inter

209 1528 369 1596 satellites
398 1537 547 1613 receptus
569 1549 647 1596 mox
668 1532 808 1612 primurn
839 1530 923 1596 inter
945 1547 1053 1596 omnes
1075 1529 1180 1594 locum
1201 1534 1248 1594 te·

209 1636 310 1697 neret.
352 1632 466 1715 Itaque
487 1633 594 1699 iussus
616 1640 666 1698 est
682 1633 825 1713 Arnossi,
849 1631 1011 1715 Mysorum
1034 1629 1248 1714 aegisthum

209 1752 303 1816 quarn
326 1734 359 1799 in
382 1736 618 1802 matrimonium
641 1736 799 1804 ducturus
818 1740 888 1800 erat
905 1733 1090 1818 Sadyattes,
1114 1752 1134 1797 a
1156 1737 1250 1815 patre

209 1841 372 1918 acceptam
390 1837 508 1904 Sardes
528 1838 743 1904 transducere.
788 1837 850 1902 Sed
866 1854 974 1902 amore
988 1835 1113 1918 puellae
1135 1841 1249 1918 captus

209 1943 390 2019 temperare
411 1941 474 2008 sibi
495 1959 557 2008 uon
580 1941 702 2021 potuit,
731 1940 806 2023 quin
829 1957 959 2006 uxorem
983 1939 1069 2021 regis
1090 1938 1140 2004 sui
1161 1937 1249 2004 futu·

210 2058 277 2105 ram
300 2046 443 2107 tentaret
464 2043 607 2126 adeoque
629 2043 764 2110 violaret
785 2048 822 2109 ut
844 2043 958 2122 prima,
979 2048 1152 2134 postquam
1175 2039 1249 2106 Sar·

209 2142 266 2208 des
288 2148 416 2210 ventum
439 2153 528 2226 erat,
559 2152 651 2211 nocte
680 2150 781 2213 totam
813 2163 879 2211 rem
903 2142 1052 2227 Sadyatti
1075 2142 1131 2208 illa
1153 2141 1249 2208 refer·

210 2248 270 2324 ret,
291 2254 491 2330 quapropter
511 2249 540 2316 is
555 2247 604 2313 ira
618 2248 765 2314 incensus
781 2247 864 2331 Gygi
879 2252 1015 2314 mortem
1031 2244 1248 2312 minitabatur.

211 2346 274 2422 Qui
296 2365 373 2420 verow
393 2368 464 2416 cum
487 2352 594 2418 omnia
608 2351 720 2418 cadem
736 2355 829 2416 nocte
843 2349 1021 2416 audivisset
1035 2347 1248 2428 cognovisset·

211 2465 273 2528 que
295 2467 329 2514 se
351 2451 539 2519 moriturum
563 2471 632 2519 esse
653 2453 714 2519 nisi
737 2453 823 2534 regis
845 2451 976 2519 consilia
990 2448 1262 2532 praeoccuparet

210 2554 391 2620 convocatis
406 2556 525 2636 amicis,
547 2555 701 2638 principis
716 2557 845 2622 domum
860 2553 1023 2637 ingressus
1038 2551 1248 2618 dormientem

213 2651 401 2735 Sadyattem
424 2658 532 2739 gladio
554 2659 722 2741 percussit.
765 2657 877 2724 Altero
898 2657 951 2722 die
973 2655 1117 2722 contione
1138 2653 1250 2720 habita

210 2755 293 2836 Lydi
322 2757 373 2823 faa
402 2777 471 2828 esse
500 2761 671 2828 censebant
693 2760 871 2842 Apollinem
895 2758 1086 2840 Delphicum
1114 2756 1248 2820 interro

211 2873 352 2938 gare-
374 2859 529 2929 timebant
559 2863 642 2928 enim
664 2862 784 2928 milites
807 2861 907 2944 Gygis
936 2868 970 2927 et
992 2859 1120 2926 turbam
1142 2876 1248 2923 arma·

212 2963 279 3024 tam
301 2961 474 3031 amicorum
496 3001 539 3014 -
566 2985 641 3032 uum
664 2965 787 3049 Gygem
810 2964 871 3031 sibi
900 2981 1005 3045 regern
1028 2966 1171 3028 statuere
1193 2959 1249 3024 de·

212 3058 332 3128 herent.
375 3065 573 3149 Responstm
596 3075 645 3136 est
667 3068 707 3133 ab
730 3066 875 3150 Apolline
896 3083 1031 3148 poenam
1053 3065 1139 3132 necis
1160 3060 1248 3130 subi·

213 3168 321 3230 turum
343 3187 413 3236 esse
434 3173 580 3253 quintum
602 3185 710 3254 regem
732 3171 836 3254 gentis
858 3169 1074 3235 Mermnadae.

298 3267 481 3340 Herodotus
503 3275 571 3342 loco
586 3275 718 3342 laudato
732 3273 901 3339 memoriae
921 3271 1032 3352 prodit
1052 3270 1145 3336 haec:
1168 3267 1249 3334 Gan·

213 3367 334 3448 dalle&
356 3372 457 3455 Myrsi
479 3374 573 3456 filius,
601 3395 694 3458 quem
717 3375 833 3442 Graeci
852 3371 1019 3455 Myrsilum
1039 3374 1164 3450 vocant,
1185 3369 1248 3452 Ly·

214 3469 327 3534 dorum
349 3492 405 3538 rex
425 3476 672 3556 pulcherrimam
695 3478 835 3548 omnium
849 3475 1000 3542 feminam
1022 3473 1085 3542 sibi
1105 3490 1176 3538 esse
1197 3490 1248 3538 ra-
1346 3502 1349 3509 ·

214 3577 284 3653 tus,
317 3573 441 3659 Gygam
469 3581 642 3648 satellitem
664 3580 891 3648 amicissimum
921 3579 954 3644 in
985 3574 1182 3655 cubiculum,
1216 3573 1248 3640 ia

214 3692 277 3757 quo
309 3693 379 3743 curn
409 3679 466 3748 illa
489 3683 626 3750 dormire
648 3684 781 3763 solebat,
804 3681 887 3748 clam
908 3680 1052 3759 induxit,
1084 3683 1120 3743 ut
1142 3676 1249 3743 uxoris
1352 3725 1354 3728 -

213 3778 318 3845 nudae
340 3783 610 3862 pulchritudinem
633 3791 786 3854 cerneret.
830 3786 931 3863 Quem
953 3782 1081 3860 femina,
1103 3798 1173 3846 cum
1197 3797 1249 3844 ex·

214 3885 341 3947 euntem
363 3889 556 3970 aspexisset,
578 3889 713 3955 invitum
735 3887 855 3970 coegit,
878 3892 915 3953 ut
936 3903 1043 3970 regem
1065 3887 1194 3950 necaret
1216 3885 1249 3945 at

214 3981 372 4062 insanin
396 3993 632 4059 matrimonium
655 3994 796 4059 duceret.
844 3988 994 4057 Habebat
1021 4003 1097 4052 vero
1118 3983 1193 4050 inde
1215 3986 1249 4047 et

214 4089 364 4156 feminam
386 4099 419 4160 et
440 4117 572 4182 regnum
588 4096 696 4182 Gyges
717 4113 757 4161 ex
778 4092 905 4160 oracrrlo
919 4089 1077 4174 Apollinis
1092 4085 1248 4171 Delphici,
