3120 4888
676 527 867 599 -g·...

257 698 473 781 dragesimum
497 703 571 766 ante
594 697 668 764 (ihr.
696 734 738 746 -
770 703 819 762 tot
847 698 939 763 annis
969 703 1043 780 post
1064 697 1227 779 Ephorum
1248 733 1291 746 --

256 802 428 884 Dionysius
460 801 707 885 Scytobrachiou
735 799 944 868 Alexandriae
973 801 1089 868 vixisse
1118 801 1291 883 videretur,

256 905 351 972 facile
379 903 448 970 fieri
469 905 611 986 potuisse
641 911 678 969 ut
708 922 729 968 a
758 902 889 969 falsario
913 901 969 968 illo
998 903 1066 970 sire
1095 922 1152 985 pro
1184 909 1292 970 vetere
1375 921 1378 934 ’

257 1025 354 1090 opere
376 1007 492 1072 amisso
515 1025 615 1073 novus
637 1007 736 1072 codex
750 1006 997 1073 narratiunculis
1017 1005 1198 1087 fabulisque
1220 1025 1291 1073 cum

256 1109 339 1177 fietis
361 1116 430 1174 tum
452 1109 592 1192 undique
614 1109 749 1176 mnasis
771 1108 999 1191 fabricaretur,
1029 1108 1080 1175 cui
1101 1107 1223 1177 Xanthi
1244 1110 1292 1174 in·

258 1213 452 1279 scriberetur
474 1231 602 1293 nomen,
632 1213 700 1279 sive
722 1211 865 1295 reliquiis
886 1212 1002 1294 prioris
1031 1211 1106 1278 libri
1127 1233 1198 1280 eum
1220 1212 1292 1278 aliis

257 1316 400 1382 historiis
421 1315 536 1382 callide
559 1317 665 1381 mixtis
687 1316 828 1380 ornando
851 1315 1005 1381 demendo
1021 1315 1173 1381 mutando
1195 1316 1292 1382 iuter·

256 1418 395 1501 palando
410 1437 491 1501 opus
505 1417 587 1484 illud
601 1418 633 1484 in
650 1437 763 1484 novam
778 1417 912 1483 formam
928 1417 1136 1500 redigeretur.
1175 1418 1292 1496 Quam-

257 1541 351 1606 quam
369 1521 535 1587 latendum
558 1529 608 1587 est
622 1539 775 1603 persaepe
797 1520 951 1587 accidisse
965 1520 1161 1603 temporibus
1184 1540 1293 1603 regum

258 1624 527 1705 Ptolemaeorum,
558 1625 612 1706 qui
642 1624 845 1708 antiquorum
867 1623 1061 1690 voluminum
1094 1623 1292 1707 cupidissimi

258 1733 366 1807 erant,
395 1734 432 1791 ut
454 1727 578 1793 codices
610 1727 778 1809 depravati
811 1733 845 1792 et
871 1725 946 1791 falsi
973 1727 1098 1792 nomine
1124 1725 1293 1792 cruiuslibet

257 1828 424 1910 scriptoris
457 1829 667 1895 vetustissimi
697 1830 847 1912 imposito
875 1847 934 1911 pro
967 1830 1113 1910 genuinis
1143 1829 1294 1911 exemplis

259 1933 439 2015 ederentur,
454 1933 565 2014 quales
580 1932 697 1998 multos
712 1933 744 1998 in
760 1933 952 1999 bibliotheca
967 1933 1183 1999 Alexandrina
1195 1931 1294 1998 luisse

260 2035 633 2120 constat1)‚verendum
656 2041 762 2102 tamen
785 2042 897 2103 estne
920 2036 1050 2102 nimium
1072 2035 1294 2116 indulgeamus

258 2138 467 2204 coniecturae.
511 2138 628 2204 Obstat
650 2139 733 2204 enim
756 2139 924 2222 quominus
946 2139 1067 2204 Xanthi
1082 2139 1293 2220 Lydiacorum

258 2239 414 2322 exempla,
436 2258 518 2322 quae
539 2247 614 2323 post
636 2240 693 2306 illa
713 2249 859 2323 tempora
880 2241 1194 2323 circumferebantur,
1220 2260 1294 2323 sup-

257 2343 363 2423 posita
376 2349 526 2425 putemus
542 2343 686 2427 Dionysii
702 2343 993 2411 Halicarnasseusis
1015 2344 1182 2412 iudicium:
1206 2340 1293 2416 Ξάν-

258 2448 323 2522 θος
343 2441 374 2510 εἰ
403 2443 462 2511 καί
487 2468 539 2523 τις
566 2439 667 2523 ittae
696 2441 845 2532 ἱστορίας
862 2447 1022 2526 παλαιᾶς
1051 2443 1209 2534 ἔμπειρος
1239 2440 1292 2528 dlv,

258 2549 318 2635 τῆς
349 2545 550 2635 discerptos
578 2547 636 2614 καὶ
656 2547 839 2637 βεβαιωτὴς
869 2543 911 2615 ib
940 2543 1071 2628 οὐδενός
1098 2545 1294 2617 irredee'cre-

259 2654 375 2735 papst)
396 2671 436 2717 ex
458 2671 521 2734 quo
543 2652 625 2718 silici
649 2658 687 2720 ut
709 2654 881 2736 Dionysius
902 2659 961 2720 aut
981 2655 1117 2736 genuino
1139 2655 1294 2737 Lydiaco·

258 2771 328 2818 rum
351 2756 495 2837 exemplo
526 2756 573 2821 uti
605 2757 806 2824 consuevisse
838 2763 896 2823 aut
927 2758 960 2822 in
991 2757 1121 2824 subdito
1151 2758 1294 2840 exemplo

259 2857 450 2938 perlegendo
472 2858 651 2928 incredibili
681 2859 779 2926 luisse
801 2861 1004 2941 neglegentia
1025 2862 1192 2942 credatur,
1223 2861 1295 2942 quis

260 2965 308 3024 est
336 2960 411 3042 quin
442 2961 573 3028 rideat?
632 2961 702 3028 Iam
741 2981 815 3029 vero
846 2981 920 3028 cum
949 2962 1137 3046 Dionysium
1170 2962 1293 3028 falsarii

260 3079 356 3144 opere
376 3065 546 3147 deceptum
569 3070 637 3130 tam
653 3065 856 3131 vehementer
878 3083 1001 3132 errasse
1016 3057 1159 3133 conicere
1182 3083 1295 3147 neque·

258 3184 357 3246 amus,
380 3168 551 3233 tenendum
574 3169 703 3234 videtur
725 3170 754 3236 ei
777 3187 853 3235 rara
875 3175 908 3236 et
931 3171 1065 3250 antiqua
1087 3168 1209 3235 Xanthi
1232 3171 1294 3252 hy·

261 3268 351 3335 diaca
383 3267 481 3336 luisse
504 3278 587 3337 nota.
641 3272 690 3337 An
724 3289 807 3353 quae
827 3274 1033 3338 Artemonem
1066 3277 1229 3338 moverent
1259 3279 1296 3337 ut

262 3370 414 3454 Dionysio
438 3372 699 3457 Scytobrachioni
721 3392 802 3456 opus
824 3375 982 3441 tribueret
1002 3373 1126 3440 fraudis
1149 3375 1296 3457 vestigia,

261 3490 300 3536 ea
322 3473 507 3557 Dionysium
530 3475 841 3544 Halicarnassensem
865 3478 1013 3559 effugisse
1035 3484 1145 3560 putes,
1167 3495 1296 3544 accura-

261 3575 417 3646 tissimum
440 3578 645 3646 historiarum
664 3589 700 3646 et
715 3598 846 3662 operum
861 3580 1127 3663 logcgraphorum
1149 3598 1296 3663 perscru-

260 3681 423 3746 tatorem?
467 3684 567 3765 Atqui
588 3702 661 3749 eum
683 3689 776 3752 taum
797 3684 958 3751 interdum
981 3683 1080 3750 luisse
1094 3683 1297 3766 neglegentia

349 3960 378 4036 1)
402 3959 491 4019 (iuius
513 3959 557 4018 rei
580 3962 757 4020 documenta
779 3965 919 4036 congesta
940 3961 1071 4038 reperies
1094 3981 1111 4020 a
1133 3961 1164 4020 0.
1185 3959 1219 4022 G.
1242 3961 1296 4020 (io-

261 4044 344 4104 betio
365 4045 398 4105 in
421 4045 628 4105 dissertatione
658 4048 694 4105 de
721 4046 882 4119 „Hecataei
906 4046 1015 4106 Milesii
1046 4047 1164 4123 seriptis
1187 4043 1296 4122 ψευδε-

261 4122 785 4297 πιγράὲυιὶἑιξὲοωὲἕζηεῐΧὲὓρ.
810 4136 825 4190 l
851 4152 916 4212 sqq.

1046 4327 1058 4380 1
1072 4320 1091 4356 ὅ
