3120 4888
331 1382 548 1480 Herodotum
563 1411 594 1476 in
603 1409 747 1477 historiis
756 1407 1264 1490 conscribendislogographorum

191 1540 193 1544 ·
228 1519 319 1585 libris
342 1535 410 1582 esse
427 1533 517 1582 usum
533 1519 677 1580 veterum
695 1532 814 1595 omnes,
836 1513 891 1594 qui
909 1530 975 1578 rem
987 1509 1171 1594 attigerunt,
1192 1528 1266 1592 pro·

229 1621 305 1686 fessi
320 1625 395 1686 sunt
408 1618 437 1701 ¹)
460 1635 561 1700 oeque
583 1615 712 1683 defuere
734 1616 852 1682 uostris
874 1615 970 1681 etiam
993 1613 1190 1695 temporibus
1212 1612 1267 1695 qui

229 1724 260 1788 in
290 1743 329 1789 ea
351 1721 508 1788 sententia
530 1724 716 1786 manserunt
736 1718 981 1802 investigatores
1000 1718 1189 1799 scriptorum
1212 1735 1266 1782 ve·

228 1833 333 1892 terum
355 1822 600 1907 diligentissimi.
652 1822 714 1888 Sed
746 1840 817 1888 oum
839 1821 1019 1903 fragmenta
1041 1819 1265 1885 historicorum

229 1929 421 1995 Graecorum
452 1925 745 2007 antiquissimorum
768 1923 899 1991 collecta
921 1928 1070 2005 paterent
1104 1922 1137 1987 in
1158 1941 1268 2005 prom-

228 2036 351 2113 ptuque
374 2035 481 2096 essem
502 2027 699 2114 omnibus2),
721 2046 793 2094 cum
815 2045 868 2092 ars
891 2026 1003 2092 critica
1024 2031 1168 2094 veterum
1191 2043 1265 2092 auc·

228 2137 335 2198 torum
356 2131 548 2198 testimoniis
570 2130 717 2197 adhibita
748 2130 836 2195 haud
856 2129 957 2197 levem
979 2128 1075 2196 iniis
1097 2127 1265 2210 neglegen-

229 2236 309 2301 tiam
331 2241 364 2302 et
385 2234 632 2302 inconstantiam
655 2235 844 2316 aperuisset,
875 2253 910 2300 re
932 2233 1035 2298 denuo
1057 2231 1203 2314 quaesita
1233 2236 1267 2297 et

229 2338 365 2403 multum
389 2337 555 2421 disputata
578 2336 735 2403 increbuit
757 2336 862 2420 opinio
891 2336 951 2402 nisi
973 2335 1128 2402 Hecataei
1150 2334 1267 2400 nullius

231 2440 419 2522 logographi
449 2441 546 2507 libros
575 2441 750 2522 inspexisse
772 2439 969 2504 Herodotum
984 2438 1025 2521 8).
1078 2439 1185 2520 Atque
1214 2437 1267 2503 hic

231 2541 338 2624 nobis,
368 2543 595 2626 quaerentibus
617 2562 682 2626 qua
704 2541 937 2610 necessitudine
959 2542 1128 2608 coniuncta
1149 2539 1269 2606 fuerint

228 2645 301 2711 eius
324 2650 357 2710 et
378 2646 501 2712 Xanthi
523 2646 618 2730 Lydii
640 2663 752 2728 opera,
785 2663 856 2712 oum
888 2663 954 2710 rem
986 2642 1147 2710 difficilem
1177 2648 1268 2709 etot

233 2747 310 2813 viris
330 2748 525 2814 doctissimis
546 2754 728 2831 susceptam
747 2754 924 2816 muactme
937 2748 1137 2830 propositum
1159 2746 1211 2829 sit
1233 2747 1266 2811 id

198 2905 202 2914 .
233 2849 371 2931 primum
399 2851 654 2934 investigandum
676 2852 823 2932 videtur,
853 2887 895 2898 —
928 2852 1012 2916 unde
1042 2849 1143 2915 omnis
1173 2869 1268 2932 argu·

233 2952 387 3018 mentatio
408 2955 527 3035 pendet
557 2993 599 3001 -
621 2959 728 3020 utrum
751 2954 832 3020 liber
857 2953 912 3036 qui
933 2953 1055 3020 Xanthi
1076 2952 1201 3019 nomine
1222 2952 1269 3018 in·

233 3055 372 3137 scriptus
394 3056 426 3122 in
448 3061 592 3161 veterum
614 3059 761 3127 manibus
782 3058 974 3125 versabatur¹
1003 3061 1090 3124 reete
1111 3075 1169 3138 pro
1192 3056 1267 3122 insi·

322 3263 351 3342 1)
383 3265 521 3341 Ephorus
554 3267 630 3344 apud
659 3269 848 3327 Athenaeum
879 3265 946 3325 XII
976 3285 1000 3326 u.
1027 3269 1061 3324 11
1095 3284 1124 3340 p.
1149 3269 1209 3323 515
1233 3265 1269 3338 Ι),

236 3350 418 3428 Porphyrius
440 3354 518 3428 apud
543 3353 704 3412 Eusebium
726 3355 863 3430 Praepar.
886 3351 1021 3426 evangel.
1044 3350 1074 3408 X
1096 3370 1125 3426 p.
1152 3355 1211 3408 166
1234 3351 1268 3423 Β,

237 3435 440 3509 Hermogenes
463 3439 498 3495 de
515 3455 623 3512 genere
640 3439 695 3500 dic.
711 3439 753 3511 ΙΙ,
773 3443 820 3511 12,
840 3439 894 3497 et:
916 3436 1098 3496 Tertullian:
1121 3436 1157 3493 de
1179 3436 1269 3494 anim.

236 3540 280 3596 op.
303 3526 353 3593 46,
375 3522 499 3600 Dionys.
522 3523 679 3584 Halicarn:
702 3526 738 3583 de
760 3525 892 3601 Thucyd.
915 3524 984 3583 hist
1007 3542 1035 3598 p.
1061 3521 1131 3581 769.

321 3608 352 3682 2)
376 3608 517 3668 Oreuzer:
540 3610 657 3686 Fragm.
672 3611 776 3670 histor.
792 3609 893 3670 Graec.
910 3609 1065 3688 antiquiss.
1088 3608 1271 3684 Heidelberg

237 3696 328 3766 1806,
351 3693 495 3753 Clausen:
519 3694 662 3755 Hecataei
685 3698 789 3771 fragm.
813 3716 878 3755 cum
900 3695 1012 3774 Scylac.
1034 3694 1141 3770 peripl.
1173 3693 1270 3753 Berol.

237 3781 327 3838 1831.
372 3779 403 3840 (l.
420 3787 459 3840 et.
476 3781 530 3842 Th.
548 3781 675 3843 lliiller:
697 3784 814 3858 Frsgm.
828 3781 899 3843 hist.
916 3781 1019 3840 Graec.
1035 3779 1157 3839 Parisiis
1179 3780 1271 3852 18⁷4,

234 3883 302 3923 cum
331 3865 473 3925 addendis
503 3874 534 3928 et
563 3867 746 3942 corrigendis
777 3867 810 3925 in
841 3878 912 3927 tom.
944 3868 961 3926 I
991 3871 1022 3926 et
1051 3865 1100 3938 H,
1133 3871 1204 3925 tom.
1226 3865 1271 3927 IV

235 3968 264 4026 p.
287 3954 349 4008 628
373 3969 438 4030 sqq.
462 3985 504 3994 —
526 3953 561 4010 R.
585 3952 713 4012 Stiehle:
741 3973 779 4012 zu
808 3954 864 4012 den
887 3954 1087 4028 Fragmenten
1110 3952 1137 4010 d.
1160 3952 1271 4027 griech.

235 4034 414 4095 Historiker.
458 4036 633 4113 Philologus
655 4037 734 4098 VIII
755 4058 785 4114 p.
810 4043 986 4098 590-de.
1009 4071 1050 4082 -

322 4121 354 4196 3)
383 4122 421 4182 of.
445 4124 482 4182 K.
505 4123 554 4185 W.
576 4124 718 4185 Nitasch:
750 4124 899 4186 Herodots
922 4123 1049 4189 Quellen
1079 4124 1132 4180 der
1153 4123 1274 4182 Persen-

234 4205 347 4282 kriege.
392 4208 502 4272 Rhein.
525 4210 661 4271 Museum
683 4210 809 4274 XXVII
829 4231 859 4288 p.
883 4215 955 4272 233.

1052 4317 1065 4371 l
