3120 4888
708 467 921 536 „30-

297 637 395 702 Asiae
416 636 608 704 continentis
629 656 741 704 nomen
764 657 802 704 ex
824 637 910 718 Asia,
933 635 1115 702 Promethei
1138 655 1251 716 uxore,
1277 639 1333 703 de·

298 739 406 820 rivari,
427 741 507 808 haec
528 742 748 807 inveniuntur:
771 738 827 806 aui
849 736 963 807 codron
984 738 1045 824 μὲν
1066 734 1334 824 μεταλαμβάνον-

298 863 352 905 ιαι
375 844 431 907 τοῦ
454 835 636 927 οὐνόματος
658 841 770 910 Λυδοὶ
792 839 932 930 φάμενοι
962 839 1021 908 ἐπὶ
1040 833 1161 907 'Adae
1183 845 1241 909 τοῦ
1262 838 1334 908 Κό-

297 965 374 1020 τυος
402 946 460 1009 τοῦ
489 942 614 1011 Μάνεω
641 945 822 1034 κεκλῇσθαι
852 944 909 1035 τὴν
932 938 1057 1031 Ἀσίην,
1088 937 1157 1009 ἀλλ’
1188 937 1245 1010 οὐκ
1275 942 1335 1010 ἐπὶ

298 1043 500 1133 Προμηθέος
526 1040 667 1136 Ἀσίης·
699 1042 757 1114 o'rrc’
787 1043 861 1115 ὅτου
882 1045 939 1114 καὶ
961 1045 1018 1137 τὴν
1051 1043 1085 1111 ἒν
1108 1041 1246 1133 Σάρδισι
1269 1069 1334 1134 φο-

299 1145 357 1236 λὴν
378 1148 559 1238 κεκλῆσθαι
577 1143 733 1216 Ἀσιάδα.
785 1153 847 1231 Qui
878 1155 1010 1220 tandem
1032 1150 1177 1231 fuerunt,
1207 1168 1334 1231 quaeso,

299 1250 352 1332 hi,
384 1252 439 1334 qui
468 1259 535 1318 tam
567 1255 660 1321 docte
692 1256 732 1320 de
761 1255 987 1321 vetustissimis
1017 1245 1210 1319 Graecorum
1239 1253 1335 1318 rebus

299 1352 504 1435 disputavere
525 1356 631 1438 Lydi?
684 1357 784 1423 Nemo
806 1362 892 1423 certe
914 1357 1066 1438 credet¹l
1089 1355 1196 1438 Lydos
1217 1373 1335 1420 sermo-

299 1454 392 1522 nibus
422 1457 506 1523 inter
537 1477 572 1524 se
605 1460 707 1540 egisse
740 1460 781 1524 de
812 1458 994 1524 Promethei
1031 1475 1129 1523 uxore
1159 1463 1193 1524 et
1223 1466 1334 1524 contra

299 1555 440 1624 Graecos
463 1559 571 1626 Asiam
594 1566 738 1644 gentem,
761 1579 842 1644 quae
864 1560 1017 1628 Sardibus
1039 1566 1127 1639 erat,
1150 1561 1333 1627 advocasse.

300 1657 380 1736 Quis
401 1665 507 1728 autem
528 1681 637 1729 eorum
668 1664 747 1730 adeo
777 1662 911 1730 curabat
933 1661 1126 1729 Graecorum
1148 1661 1274 1727 tabulas
1297 1667 1334 1727 ut

299 1760 388 1826 litem
410 1763 451 1829 iis
472 1765 651 1831 intenderet
681 1767 721 1832 de
750 1766 845 1834 Asiae
873 1765 999 1832 nomine
1028 1770 1136 1830 utrum
1165 1763 1206 1829 ab
1237 1783 1334 1830 uxore

301 1861 484 1932 Promethei
512 1887 552 1932 an
575 1866 684 1949 Cotyis
713 1870 902 1951 perantiquo
935 1866 1001 1933 filio
1028 1866 1072 1932 sit
1103 1867 1334 1949 deducendum,

301 1965 362 2030 nisi
384 1966 434 2032 vir
455 1987 549 2053 quem
572 1969 705 2037 Graecis
733 1970 851 2036 litteris
878 1970 1012 2052 perinde
1040 1989 1078 2036 ac
1100 1971 1262 2053 Lydorum
1283 1988 1335 2035 re·

299 2065 359 2134 bus
381 2070 538 2137 imbutum
560 2072 659 2139 fuisse
680 2091 779 2155 supra
801 2073 1089 2140 demonstravimus
1102 2107 1149 2138 ,-
1163 2071 1335 2137 Xanthos?

299 2167 411 2252 Neque
433 2174 606 2256 quidquam
626 2176 728 2258 magia
756 2177 788 2241 in
810 2195 882 2242 eum
905 2174 1003 2256 cadit,
1024 2174 1079 2256 qui
1101 2174 1140 2240 de
1163 2174 1334 2256 Phrygum,

300 2272 473 2356 Mysorum,
494 2278 672 2361 Lydorum,
704 2277 938 2344 Torrheborum
970 2277 1092 2358 origine
1123 2275 1335 2358 indagaverit,

301 2376 354 2458 qui
377 2377 485 2461 Mysos
507 2399 527 2444 a
547 2399 636 2464 myso
659 2379 782 2461 arbore,
805 2399 887 2463 quae
909 2379 999 2446 iuxta
1014 2379 1185 2462 Olympum
1208 2377 1335 2462 copiosa
1432 2395 1437 2404 ·

298 2481 506 2563 nascebatur,
540 2483 760 2550 denominatos
790 2500 860 2550 esse
889 2483 1023 2566 dixerit,
1055 2500 1150 2564 quam
1181 2481 1261 2546 haec
1294 2481 1335 2544 de

298 2582 394 2648 Asiae
425 2585 560 2651 nominis
588 2585 709 2666 origine
747 2585 911 2668 inquisitio
947 2586 1142 2652 doctissima
1202 2581 1336 2650 Accedit

299 2687 384 2767 quod
405 2686 492 2753 inter
513 2693 684 2769 utrumque
705 2693 869 2754 auctorem
897 2723 940 2736 --
967 2685 1131 2754 Xanthum
1163 2687 1215 2770 (fr.
1237 2686 1271 2765 5)
1301 2690 1336 2750 et

299 2787 498 2855 Herodotum
520 2789 605 2874 (VII,
629 2790 684 2874 te)
713 2825 755 2836 -
777 2795 905 2856 constat
926 2789 1070 2874 Phryges
1090 2808 1130 2855 ex
1151 2789 1280 2870 Europa
1301 2786 1335 2852 in

389 2923 420 3010 1)
441 2928 519 2989 Pace
542 2950 644 2990 eorum
667 2931 794 2991 dixerim
823 2931 874 3011 qui
904 2930 941 2988 K.
965 2930 1013 2992 W.
1036 2927 1181 2988 Nitaschii
1213 2933 1334 2987 senten·

300 3011 372 3072 tiam
395 3013 479 3091 sequi
502 3015 624 3076 malunt.
676 3017 709 3076 Is
731 3017 810 3074 enim
834 3035 869 3076 eo
891 3016 1110 3092 procedendum
1132 3034 1197 3073 esse
1218 3012 1337 3091 putavit

301 3104 335 3156 ut
353 3103 497 3158 statueret
510 3101 667 3160 Persarum
682 3096 753 3170 τούς
766 3100 886 3180 λογίους
907 3119 939 3160 re
954 3119 1027 3161 vera
1049 3101 1085 3158 de
1100 3099 1184 3172 Ione,
1207 3101 1336 3175 Europa,

301 3184 426 3258 Medeia,
450 3185 568 3245 Helena
589 3187 627 3262 (1,
647 3187 741 3266 1-6)
765 3206 831 3247 oum
854 3186 974 3246 Graecis
995 3186 1185 3264 disceptasse,
1208 3205 1241 3246 re
1262 3203 1337 3245 vera

300 3270 404 3329 Medos
432 3291 463 3330 se
493 3291 511 3331 a
532 3273 638 3332 Medea
659 3273 824 3350 appellatos
846 3291 910 3332 esee
932 3289 1083 3345 narrasse,
1117 3277 1148 3332 et
1169 3272 1337 3332 sacerdotes

302 3357 507 3434 Aegyptorum
531 3359 567 3417 de
584 3357 691 3418 Proteo
706 3378 777 3436 rege
792 3359 835 3432 11,
856 3362 926 3432 112,
947 3358 983 3416 de
1006 3356 1132 3430 Helena,
1155 3356 1335 3428 Alexandro,

301 3443 437 3501 Menelao
459 3443 502 3516 Π,
529 3448 690 3517 113-19,
720 3447 756 3504 de
780 3444 917 3503 omnibus
940 3443 1118 3502 Graecorum
1149 3441 1211 3501 deis
1239 3447 1270 3501 et
1292 3441 1336 3500 fa-

304 3525 383 3586 bulis
417 3529 637 3588 accuratissime
674 3530 837 3591 instructos
866 3530 959 3588 fuisse
997 3529 1067 3606 (Rh.
1101 3529 1179 3588 Mus.
1211 3527 1339 3586 XXVII

301 3632 330 3688 p.
344 3613 520 3691 226-68);
537 3614 610 3695 quin
625 3615 714 3676 etiam
729 3616 857 3676 famosas
872 3619 985 3691 septem
1000 3616 1157 3676 Persarum
1173 3614 1209 3672 de
1225 3613 1338 3690 optima

300 3718 333 3756 re
355 3698 474 3774 publica
495 3699 711 3775 disputationes
733 3701 805 3780 (III,
824 3705 862 3759 80
879 3699 967 3780 sqq.),
991 3719 1007 3760 e
1030 3701 1139 3780 quibus
1158 3699 1337 3758 Graecorum

301 3783 547 3861 philosophorum
569 3785 687 3845 scholae
709 3786 842 3846 redolere
863 3787 1017 3860 videntur,
1051 3789 1088 3846 ab
1112 3785 1265 3846 Herodoto
1287 3782 1338 3845 vel

301 3869 338 3926 ab
360 3869 425 3929 eius
447 3876 566 3930 auctore
589 3871 672 3931 fictas
694 3889 759 3932 esse
781 3872 879 3933 noluit
909 3872 958 3948 (de
981 3872 1089 3952 quibus
1111 3872 1149 3932 of.
1177 3870 1337 3930 Dunoker:

302 3953 408 4015 Gesoh.
421 3956 449 4016 d.
461 3956 647 4018 Alterthums
663 3959 717 4019 Ed.
730 3957 782 4032 1v,
799 3957 880 4019 Pom.
893 3957 939 4018 IV
953 3978 983 4035 p.
996 3955 1120 4038 459160,
1136 3957 1248 4018 Bauer:
1264 3955 1337 4014 Ent-

302 4039 431 4118 stehung
445 4043 497 4103 des
511 4043 646 4105 herodot
664 4043 953 4107 Geschiehtswerhee
968 4063 998 4120 p.
1014 4047 1061 4115 ll,
1082 4043 1196 4103 Baehr:
1211 4042 1338 4102 Herodt.

302 4126 410 4204 Edll,
433 4128 498 4190 Vol.
520 4129 570 4191 1v.
587 4149 617 4206 p.
632 4129 693 4190 437
718 4151 772 4212 sq,
796 4131 879 4196 stein
901 4131 938 4190 ad
954 4129 1014 4189 hl.
1036 4128 1095 4204 111,
1121 4133 1170 4202 82,
1192 4132 1231 4188 ie
1256 4125 1338 4204 etc).
