3120 4888
707 489 920 556 ..58-

296 657 423 741 duntur,
446 677 484 726 eo
506 657 647 724 Sicinius
670 678 689 726 ο
712 661 932 726 sacerdotibus
954 659 1128 742 Delphicis,
1149 664 1185 724 ut
1207 677 1331 726 omnem

296 763 336 828 ab
359 762 506 844 Apolline
528 763 653 844 culpam
675 764 895 844 demererent‚
925 761 1113 844 pervolgata
1135 781 1207 828 esse
1230 767 1332 844 putot,

296 867 332 929 A.
357 864 498 931 Schoene
512 869 539 942 ¹)
567 863 668 946 Lydis
697 865 881 930 unctoribus
904 866 1074 930 tribuenda
1103 883 1175 932 esse
1197 865 1331 930 arbitra·

293 972 356 1034 tur.
400 967 556 1049 Equidem
587 985 650 1032 nun
680 987 793 1048 negem
825 985 956 1033 eccum
980 968 1125 1034 omnibus
1156 986 1238 1050 quae
1267 972 1331 1032 ret·

294 1070 368 1135 tulit
390 1070 591 1149 Herodotus,
618 1070 737 1152 optime
759 1088 935 1151 congruere
957 1089 1124 1153 neque-
1147 1088 1218 1136 cum
1241 1069 1331 1134 dubi-

295 1173 357 1237 tari
379 1178 518 1255 nequeat
539 1172 613 1254 quin
638 1173 757 1240 Croeso
779 1191 814 1238 re
836 1192 912 1238 veru
933 1192 1069 1258 mugnus
1091 1192 1162 1239 cum
1184 1173 1332 1254 Apolline

295 1275 449 1357 Delphico
466 1295 543 1342 usus
559 1276 664 1358 luerit,
685 1314 726 1324 -
749 1277 888 1342 alienum
904 1295 977 1342 csse
992 1276 1170 1342 existimem
1186 1295 1205 1341 u
1221 1275 1331 1344 Croesi

295 1385 411 1444 nature
433 1385 465 1444 et
487 1385 593 1444 mente
614 1379 740 1460 legatos
762 1380 890 1444 mittere
906 1380 1058 1462 Delphos
1081 1379 1135 1462 qui
1157 1398 1177 1444 o
1199 1381 1260 1444 deo
1280 1397 1331 1444 rc-

295 1482 413 1546 tionem
434 1482 681 1565 praestigiarum
711 1482 972 1567 reposcerent¹)‚
1005 1487 1146 1548 attamen
1170 1488 1271 1547 totam
1293 1482 1332 1547 il·

295 1584 359 1650 lum
382 1585 558 1651 orationem
582 1588 645 1668 (cp.
660 1585 714 1665 90)
738 1585 888 1668 uPythiu
905 1586 1143 1667 pronuntiatam
1166 1603 1239 1650 esse
1259 1603 1332 1667 per·

295 1688 432 1753 suadere
453 1687 531 1752 mihi
554 1707 617 1753 non
640 1707 783 1769 possum.
826 1687 1005 1754 Concedam
1036 1688 1115 1753 nihil
1138 1688 1267 1752 obstare
1288 1725 1331 1735 -

175 1879 181 1890 ι
295 1790 390 1854 immo
418 1791 485 1880 veri
515 1790 708 1856 simillimum
743 1809 817 1856 esse
847 1827 889 1840 -
922 1791 1090 1874 quominus
1119 1793 1199 1857 deus
1229 1791 1332 1872 prima

297 1893 452 1958 orationis
475 1893 574 1958 verba
594 1895 800 1976 respondisse
823 1895 972 1960 credatur
993 1895 1088 1960 haec:
1115 1890 1171 1982 cip
1193 1917 1330 1980 πεπρω-

295 1993 393 2080 μένην
414 1999 535 2081 μοῖραν
557 1988 702 2063 ἀδύνατά
717 1993 806 2062 ἐστιν
821 1990 1004 2083 ἀποφανεῖν
1026 1995 1083 2064 καὶ
1098 2000 1179 2083 θεῷ.
1225 1999 1330 2082 Κροῖ-

297 2120 355 2175 σος
377 2096 414 2164 δὲ
433 2097 591 2183 πέμπτου
612 2098 723 2184 γονέος
744 2095 918 2186 ἁμαρτάδα
940 2098 1110 2186 ἐξέπλησε,
1131 2091 1169 2177 ὃς
1190 2097 1252 2166 ἐών
1273 2099 1331 2165 δο-

295 2198 437 2288 ρυφόρος
468 2197 706 2294 Ἡρακλειδέων
747 2202 847 2291 (δόλῳ
884 2200 1057 2290 μτνσικηίῳ
1094 2198 1332 2286 ἐπισπόμενος)

295 2299 447 2389 ἐφόνευσε
462 2303 517 2368 τὸν
533 2301 698 2371 δέσπότεα
719 2304 774 2371 καὶ
790 2302 881 2388 ἔσχεν
902 2305 959 2395 τὴν
980 2303 1101 2372 ἐκείνου
1122 2303 1218 2393 τιμὴν
1239 2297 1332 2370 οὐδέν

294 2404 327 2474 ol
349 2405 589 2496 προςήκοοσαν,
624 2417 730 2476 cetero
762 2429 855 2490 vero,
886 2428 956 2475 cum
979 2410 1067 2474 nullo
1097 2410 1167 2474 locu
1197 2408 1332 2474 alterum

295 2511 448 2578 orationis
470 2518 536 2578 tum
558 2513 675 2594 longae
702 2514 850 2596 aPythie
866 2513 997 2578 habitae
1018 2518 1124 2578 exstet
1145 2511 1333 2592 exemplum,

296 2632 316 2678 a
338 2615 558 2680 sacerdotibus
580 2622 696 2696 postea
717 2617 828 2681 additu
851 2635 924 2682 esse
945 2616 1022 2680 mihi
1038 2616 1195 2680 videntur.
1239 2614 1333 2677 Adde

296 2717 379 2797 quod
402 2717 453 2781 hic
477 2723 510 2782 et
532 2719 586 2800 lV,
613 2721 689 2800 163,
722 2719 773 2786 his
796 2719 921 2784 duobus
944 2724 1069 2784 tuntum
1090 2718 1185 2798 lucin,
1215 2714 1332 2798 Apollo

296 2820 482 2902 cognomine
503 2817 639 2903 Λοξίας
660 2827 792 2888 vocatur
822 2821 928 2903 ibique
961 2823 1030 2905 (IV,
1055 2821 1131 2902 163)
1161 2818 1333 2898 oraculum,

297 2924 380 3004 quod
404 2924 488 2989 circa
510 2943 627 2989 annum
648 2924 713 2990 450
734 2923 842 2989 fictum
866 2942 939 2988 esse
961 2930 1104 3004 constat,
1126 2923 1332 3002 redditur³);

297 3026 380 3091 adde
401 3027 486 3107 quod
510 3027 541 3092 in
565 3028 626 3093 hoc
648 3029 754 3109 capite
775 3026 946 3109 respicitur
967 3027 1010 3091 nd
1032 3024 1195 3092 oraculum
1218 3022 1332 3105 cupitis

296 3145 501 3156 —ss—

386 3218 416 3294 1)
440 3218 566 3278 Hermes
588 3219 636 3278 IX
658 3239 686 3296 p.
711 3222 773 3278 438
796 3238 861 3298 sqq.

384 3303 415 3382 2)
438 3305 608 3364 Herodotus
623 3303 723 3364 Croesi
739 3303 851 3363 iussum
873 3305 1049 3364 adverbum
1071 3303 1195 3362 reddere
1216 3301 1334 3362 videtur

297 3389 414 3448 dicens:
447 3389 577 3465 Κροῖσος
600 3387 726 3462 πέμπων
748 3391 808 3447 τῶν
830 3386 942 3447 Λυδῶν
966 3385 995 3456 ἒς
1018 3380 1155 3459 Δελφοδς
1177 3383 1333 3444 ἐνετέλλετο

297 3471 436 3543 τιθέντας
450 3469 504 3546 τοὶς
520 3471 613 3544 πέδας
635 3471 684 3534 ἐπὶ
706 3476 759 3532 τοῦ
782 3475 857 3550 νηοῦ
879 3467 932 3531 τδν
950 3465 1044 3533 odilo
1059 3471 1183 3549 εἰρωτᾶν
1206 3469 1233 3530 εἰ
1253 3464 1291 3529 οὔ
1307 3492 1334 3529 τι

298 3553 502 3636 ἐπαισχύνεται
531 3564 607 3619 τοῖσι
645 3559 811 3636 μαντηΐοισν
849 3555 987 3637 ἐπαείρας
1019 3560 1151 3640 Κροῖσον
1183 3551 1334 3634 στρατεύε-

297 3649 372 3704 σθαι
395 3643 443 3704 ἐπὶ
463 3643 581 3722 Πέρσας
603 3637 645 3715 αῖς
665 3638 894 3704 καταπαύσοντα
916 3639 970 3718 τήν
989 3639 1094 3723 Κύρου
1117 3638 1256 3719 δύναμιν,
1280 3635 1331 3714 ἀφ’

297 3721 335 3807 ἦς
365 3728 396 3789 οἱ
424 3727 585 3810 ἀκροθίνια
607 3733 730 3790 τοιαῦτα
752 3728 909 3810 γενέσθαι,
940 3723 1112 3800 δεικνύντας
1141 3723 1194 3797 edo
1224 3724 1334 3796 πέδας·

298 3811 390 3875 ταῦτά
423 3838 452 3875 τε
482 3815 643 3894 ἐπειρωτᾶν
675 3813 722 3876 καὶ
757 3813 785 3875 εἰ
820 3809 1002 3896 ἀχαρίστοισι
1031 3808 1123 3892 νόμος
1152 3805 1228 3873 εἶναι
1257 3817 1334 3872 τοῖσι

296 3894 491 3979 Ἑλληνικοῖσι
512 3906 621 3962 θεοῖσι.
639 3946 647 3961 .
665 3947 695 3962 ..
815 3919 818 3924 “

386 3989 417 4066 3)
437 3990 513 4050 Indo
535 3989 707 4064 colligamus
735 3988 806 4048 licet
827 3989 904 4048 huno
927 3987 1089 4047 orationem
1118 4005 1179 4044 nou
1207 3987 1245 4044 ub
1268 3985 1334 4060 ipso

299 4075 452 4137 Herodoto
475 4095 540 4137 esse
555 4075 756 4151 compositum,
781 4074 859 4154 quod
881 4073 940 4133 ium
962 4093 1001 4133 ex
1023 4073 1089 4132 eius
1104 4071 1204 4132 verbis
1222 4071 1338 4130 elucet:

299 4153 320 4238 ἡ
342 4157 374 4222 δὲ
399 4161 506 4238 Πυθίη
527 4156 637 4240 λέγεται
661 4156 754 4220 εἰπεῖν
775 4153 853 4220 τάδε.
