3120 4888
649 449 842 514 ..y-

230 621 424 706 aDionysio
456 619 722 703 Scytobraahione
751 619 894 688 coniecto
923 617 1045 686 Xanthi
1078 637 1188 684 nomen
1218 617 1266 684 in-

230 727 384 808 scriptum
415 741 485 792 esse
515 725 658 792 traderet
688 761 731 772 -
760 729 794 792 et
815 723 937 792 Xanthi
960 740 1073 790 nomen
1104 720 1267 812 proalius

230 828 402 896 cuiuslibet
425 827 612 910 logographi
644 827 769 894 nomine
798 826 950 894 vocasse?
981 861 1023 874 -
1058 825 1137 892 Oum
1166 825 1268 907 igitur

231 932 272 999 ab
295 932 356 998 hac
377 934 470 1014 parte
492 930 571 998 satis
593 931 658 998 iam
680 931 866 1015 Dionysium
889 928 1069 996 defendisse
1089 928 1266 1008 videamur,

230 1035 474 1118 progrediamur
495 1036 537 1109 ad
559 1034 685 1116 singula
707 1051 789 1116 quae
810 1033 931 1102 Xanthi
959 1033 992 1099 in
1014 1031 1158 1115 reliquiis
1179 1031 1266 1098 invo-

232 1137 362 1204 niuutur
383 1136 508 1204 fraudis
530 1137 667 1220 vestigia
688 1137 908 1206 examinanda.

315 1238 457 1306 Primum
480 1244 512 1306 et
534 1240 682 1322 princeps
710 1240 926 1308 testimonium
958 1239 1041 1306 unde
1062 1237 1183 1306 Xanthi
1206 1238 1269 1320 Ly·

230 1344 324 1412 diaea
342 1344 383 1411 ab
405 1342 635 1426 interpolatore
656 1343 785 1427 perdita
817 1361 887 1410 esse
909 1341 1112 1410 manifestum
1142 1341 1202 1420 sit,
1233 1340 1267 1408 in

228 1446 407 1529 fragmento
438 1447 490 1516 at.
521 1447 624 1515 inesse
653 1448 761 1515 docuit
792 1447 997 1526 Welckerus‚
1035 1445 1091 1512 ubi
1122 1445 1266 1512 Clemens

231 1549 506 1635 Alexandrinum)
538 1555 649 1616 namat
678 1551 836 1617 traditum
867 1568 938 1618 esse
967 1569 988 1616 a
1014 1547 1159 1628 Xantho,
1191 1547 1266 1612 Ter·

230 1655 388 1735 pandrum
417 1653 532 1720 vixisse
563 1653 647 1720 circa
668 1653 892 1736 Olympiadem
924 1652 1080 1720 decimam
1111 1656 1266 1718 octavam.

231 1755 384 1822 Unde-
407 1775 479 1822 nam
503 1757 729 1840 Olympiadum
759 1756 917 1822 rationem
939 1755 1072 1838 Polybio
1102 1753 1185 1833 (XII,
1211 1754 1266 1836 12)

230 1864 360 1926 auctore
382 1859 548 1928 aTimaeo
568 1861 672 1941 primo
694 1865 873 1944 temporum
890 1857 1098 1942 descriptioni
1119 1876 1189 1924 esse
1211 1859 1266 1922 ad·

230 1962 366 2031 bibitam
380 1999 422 2012 -
446 1965 531 2032 unde
552 1964 623 2032 luoe
645 1963 763 2032 clarius
785 1981 941 2046 apparere
961 1962 1086 2030 censuit
1109 1962 1160 2029 vir
1182 1978 1267 2026 sum-

231 2067 342 2149 mas²)
373 2064 575 2134 subdititium
602 2066 701 2134 inisse
723 2067 935 2151 Lydiacorum
957 2065 1152 2149 exemplum,
1182 2065 1268 2146 quod

233 2169 405 2238 Clementis
427 2171 460 2237 in
476 2171 622 2238 manibus
639 2176 840 2252 versaretur;
864 2189 965 2252 neque
987 2171 1070 2248 enim
1094 2168 1266 2236 verendum

230 2291 299 2340 esse
329 2292 368 2339 ne
396 2274 465 2356 ipse
487 2273 650 2354 Clemens,
682 2281 850 2360 postquam
880 2274 963 2343 hano
986 2272 1207 2358 Olympiadem
1230 2289 1268 2336 ex
1383 2269 1388 2280 '

230 2374 294 2442 alia
324 2392 512 2460 quacunque
544 2395 597 2457 re,
630 2378 720 2444 cuius
742 2377 774 2444 in
797 2377 987 2446 mentionem
1009 2375 1157 2443 Xanthus
1186 2373 1268 2442 forte

231 2478 408 2559 incidisset,
430 2480 673 2563 computaverit,
694 2481 763 2548 eius
778 2498 943 2548 numerum
965 2481 1025 2548 hoo
1042 2479 1112 2547 loco
1126 2477 1267 2546 mserue

229 2582 281 2648 rit.
325 2581 483 2666 Equidem
505 2582 609 2650 nescio
630 2584 709 2666 quid
737 2584 780 2652 sit
807 2603 864 2650 our
885 2583 1020 2667 cogitari
1043 2587 1180 2666 nequeat
1201 2581 1267 2648 sive

231 2684 271 2751 ab
295 2685 364 2768 ipso
387 2684 549 2754 Clemente
570 2685 637 2754 sive
666 2688 707 2755 ab
729 2692 859 2756 auctore
889 2688 958 2754 eius
988 2687 1022 2752 id
1044 2705 1114 2754 esse
1134 2684 1267 2765 lactum,

230 2790 419 2869 praesertim
441 2792 720 2874 romaniamque,
748 2792 805 2873 qui
836 2791 939 2858 locum
969 2791 1059 2858 illum
1090 2790 1195 2858 acrius
1217 2789 1266 2854 iu-

231 2891 352 2972 spexit,
382 2897 528 2975 apertum
550 2893 592 2959 sit
614 2893 810 2962 clementem
834 2895 975 2960 breviter
1003 2900 1036 2959 et
1065 2893 1176 2975 paucis
1198 2909 1265 2958 rem

231 2993 394 3062 absolvere
415 2997 562 3064 voluisse.
606 2998 739 3065 Accedit
768 2997 854 3080 quod
882 2997 969 3079 apud
991 2996 1165 3064 Eusebium
1187 2996 1267 3079 legi·

230 3115 301 3164 mus
312 3101 343 3182 ³)
384 3099 583 3167 Hellanioum
623 3106 657 3168 et
689 3100 912 3168 Philochorum
949 3119 1057 3168 rerum
1085 3101 1265 3167 Atticarum

230 3201 400 3284 scriptores
422 3204 602 3285 prodidisse
624 3205 795 3271 memoriae
816 3203 857 3271 ab
880 3205 992 3288 Ogyge
1013 3222 1113 3288 usque
1134 3204 1177 3292 ad
1199 3202 1264 3284 pri-

231 3322 314 3369 mam
346 3304 569 3389 Olympiadem
606 3326 705 3374 annos
739 3307 844 3392 colligi
873 3309 988 3390 viginti
1024 3326 1123 3390 supra
1161 3305 1264 3386 mille;

231 3407 315 3472 unde
336 3409 539 3490 perspicuum
567 3415 630 3492 est,
661 3429 730 3477 mea
758 3411 887 3495 quidem
916 3410 1089 3490 sententia,
1116 3413 1174 3474 aut
1202 3409 1265 3475 iam

204 3512 207 3519 '
230 3514 305 3575 ante
320 3509 484 3576 Timaeum
506 3512 539 3576 in
562 3513 656 3580 rebus
675 3514 848 3582 admodum
864 3514 1004 3599 antiquis
1026 3513 1265 3597 alogograpbis

230 3613 456 3698 olympiadum
472 3615 565 3680 seriei
580 3617 736 3684 rationem
758 3636 830 3686 esse
846 3619 989 3686 habitam
1011 3623 1069 3684 aut
1090 3617 1150 3684 hoo
1166 3617 1266 3683 etiam

230 3714 296 3782 loco
318 3716 493 3784 Eusebium
521 3718 721 3802 Olympiadis
749 3720 941 3788 mentionem
969 3721 1149 3802 induxisse,
1179 3720 1264 3803 quod

318 3975 348 4055 1)
370 3975 430 4038 ss.
450 3979 469 4038 1
489 3997 519 4057 p.
543 3984 615 4042 aas.
659 3981 771 4042 roser.
887 3939 891 3952 ’

316 4062 349 4141 E)
370 4063 391 4123 l.
414 4065 434 4123 l.
455 4084 486 4144 p.
508 4066 581 4128 437.

318 4150 348 4230 8)
372 4151 478 4237 Pnaep.
501 4172 547 4217 ev.
569 4154 601 4214 X
623 4174 652 4232 p.
674 4158 753 4226 489;
776 4173 824 4234 ap.
846 4153 1006 4221 nudorum
1027 4154 1131 4233 fragm.
1156 4157 1206 4216 OE.
