<?xml version="1.0" encoding="UTF-8"?>
<!DOCTYPE html PUBLIC "-//W3C//DTD XHTML 1.0 Transitional//EN"
    "http://www.w3.org/TR/xhtml1/DTD/xhtml1-transitional.dtd">
<html xmlns="http://www.w3.org/1999/xhtml" xml:lang="en" lang="en">
 <head>
  <title>
</title>
<meta http-equiv="Content-Type" content="text/html;charset=utf-8" />
  <meta name='ocr-system' content='tesseract 3.04.00' />
  <meta name='ocr-capabilities' content='ocr_page ocr_carea ocr_par ocr_line ocrx_word'/>
</head>
<body>
  <div class='ocr_page' id='page_1' title='image "./dexanthoetherod00pomtgoog_0048.png"; bbox 0 0 3120 4888; ppageno 0'>
   <div class='ocr_carea' id='block_1_1' title="bbox 647 474 860 542">
    <p class='ocr_par' dir='ltr' id='par_1_1' title="bbox 647 474 860 542">
     <span class='ocr_line' id='line_1_1' title="bbox 647 474 860 542; baseline 0 -19"><span class='ocrx_word' id='word_1_1' title='bbox 647 474 860 542; x_wconf 65' lang='lat'><strong>..41-</strong></span> 
     </span>
    </p>
   </div>
   <div class='ocr_carea' id='block_1_2' title="bbox 210 643 1272 2269">
    <p class='ocr_par' dir='ltr' id='par_1_2' title="bbox 210 643 1272 2269">
     <span class='ocr_line' id='line_1_2' title="bbox 235 643 1269 730; baseline 0.006 -20"><span class='ocrx_word' id='word_1_2' title='bbox 235 643 334 712; x_wconf 84' lang='lat' dir='ltr'><strong>fuisse</strong></span> <span class='ocrx_word' id='word_1_3' title='bbox 356 650 476 712; x_wconf 84' lang='lat' dir='ltr'><strong>narrat.</strong></span> <span class='ocrx_word' id='word_1_4' title='bbox 531 646 662 712; x_wconf 82' lang='lat' dir='ltr'><strong>Accedit</strong></span> <span class='ocrx_word' id='word_1_5' title='bbox 682 647 768 729; x_wconf 92' lang='lat' dir='ltr'><strong>quod</strong></span> <span class='ocrx_word' id='word_1_6' title='bbox 789 647 878 712; x_wconf 90' lang='lat' dir='ltr'><strong>aliud</strong></span> <span class='ocrx_word' id='word_1_7' title='bbox 900 665 1024 730; x_wconf 90' lang='lat' dir='ltr'><strong>quoque</strong></span> <span class='ocrx_word' id='word_1_8' title='bbox 1045 648 1269 730; x_wconf 80' lang='lat' dir='ltr'><strong>gravissimum</strong></span> 
     </span>
     <span class='ocr_line' id='line_1_3' title="bbox 236 747 1268 830; baseline 0.003 -17"><span class='ocrx_word' id='word_1_9' title='bbox 236 767 311 814; x_wconf 88' lang='lat' dir='ltr'><strong>sane</strong></span> <span class='ocrx_word' id='word_1_10' title='bbox 334 748 549 814; x_wconf 89' lang='lat' dir='ltr'><strong>testimonium</strong></span> <span class='ocrx_word' id='word_1_11' title='bbox 571 747 659 815; x_wconf 91' lang='lat' dir='ltr'><strong>bisce</strong></span> <span class='ocrx_word' id='word_1_12' title='bbox 681 750 765 815; x_wconf 89' lang='lat' dir='ltr'><strong>inest</strong></span> <span class='ocrx_word' id='word_1_13' title='bbox 787 749 942 816; x_wconf 81' lang='lat' dir='ltr'>Herodoti</span> <span class='ocrx_word' id='word_1_14' title='bbox 964 750 1070 817; x_wconf 82' lang='lat' dir='ltr'><strong>verbis</strong></span> <span class='ocrx_word' id='word_1_15' title='bbox 1089 751 1114 830; x_wconf 86' lang='lat'><strong>1,</strong></span> <span class='ocrx_word' id='word_1_16' title='bbox 1132 753 1188 818; x_wconf 81' lang='lat'><strong>13:</strong></span> <span class='ocrx_word' id='word_1_17' title='bbox 1211 771 1268 816; x_wconf 88' lang='lat' dir='ltr'><strong>oo-</strong></span> 
     </span>
     <span class='ocr_line' id='line_1_4' title="bbox 237 844 1268 937; baseline 0.001 -22"><span class='ocrx_word' id='word_1_18' title='bbox 237 847 378 936; x_wconf 79' lang='grc' dir='ltr'><strong><em>νέβησαν</em></strong></span> <span class='ocrx_word' id='word_1_19' title='bbox 400 848 434 928; x_wconf 78' lang='grc' dir='ltr'><strong>ἐς</strong></span> <span class='ocrx_word' id='word_1_20' title='bbox 448 844 550 917; x_wconf 80' lang='grc' dir='ltr'><strong><em>τώυτὸ</em></strong></span> <span class='ocrx_word' id='word_1_21' title='bbox 574 851 610 918; x_wconf 81' lang='grc' dir='ltr'><strong>οἳ</strong></span> <span class='ocrx_word' id='word_1_22' title='bbox 629 853 737 916; x_wconf 79' lang='grc' dir='ltr'><strong><em>τετοῦ</em></strong></span> <span class='ocrx_word' id='word_1_23' title='bbox 755 858 786 917; x_wconf 88' lang='grc' dir='ltr'><strong><em>Γ</em></strong></span> <span class='ocrx_word' id='word_1_24' title='bbox 781 847 862 937; x_wconf 75' lang='grc' dir='ltr'><strong><em>α’γεω</em></strong></span> <span class='ocrx_word' id='word_1_25' title='bbox 878 855 1059 918; x_wconf 81' lang='grc' dir='ltr'><strong><em>στασιῶται</em></strong></span> <span class='ocrx_word' id='word_1_26' title='bbox 1080 851 1137 917; x_wconf 80' lang='grc' dir='ltr'><strong>καὶ</strong></span> <span class='ocrx_word' id='word_1_27' title='bbox 1152 847 1183 916; x_wconf 85' lang='lat' dir='ltr'><strong>oi</strong></span> <span class='ocrx_word' id='word_1_28' title='bbox 1198 852 1268 916; x_wconf 86' lang='grc' dir='ltr'><strong><em>λαι-</em></strong></span> 
     </span>
     <span class='ocr_line' id='line_1_5' title="bbox 238 949 1270 1038; baseline 0 -20"><span class='ocrx_word' id='word_1_29' title='bbox 238 950 299 1018; x_wconf 80' lang='grc' dir='ltr'><strong><em>ιιοὶ</em></strong></span> <span class='ocrx_word' id='word_1_30' title='bbox 311 949 425 1020; x_wconf 80' lang='grc' dir='ltr'><em>Λυδοὶ</em></span> <span class='ocrx_word' id='word_1_31' title='bbox 443 975 472 1018; x_wconf 82' lang='grc' dir='ltr'><strong>κ.</strong></span> <span class='ocrx_word' id='word_1_32' title='bbox 481 977 511 1017; x_wconf 87' lang='grc' dir='ltr'><strong>τ.</strong></span> <span class='ocrx_word' id='word_1_33' title='bbox 522 953 560 1034; x_wconf 70' lang='lat' dir='ltr'><strong>t,</strong></span> <span class='ocrx_word' id='word_1_34' title='bbox 584 954 750 1037; x_wconf 84' lang='lat' dir='ltr'><strong>exquibus</strong></span> <span class='ocrx_word' id='word_1_35' title='bbox 765 956 959 1038; x_wconf 85' lang='lat' dir='ltr'><strong>perspicitur</strong></span> <span class='ocrx_word' id='word_1_36' title='bbox 973 955 1173 1022; x_wconf 90' lang='lat' dir='ltr'><strong>Herodotum</strong></span> <span class='ocrx_word' id='word_1_37' title='bbox 1188 956 1270 1021; x_wconf 88' lang='lat' dir='ltr'><strong>duas</strong></span> 
     </span>
     <span class='ocr_line' id='line_1_6' title="bbox 239 1056 1270 1142; baseline 0.001 -21"><span class='ocrx_word' id='word_1_38' title='bbox 239 1057 278 1122; x_wconf 91' lang='lat' dir='ltr'><strong>de</strong></span> <span class='ocrx_word' id='word_1_39' title='bbox 295 1056 413 1122; x_wconf 80' lang='lat' dir='ltr'><strong>bac&#39;re</strong></span> <span class='ocrx_word' id='word_1_40' title='bbox 429 1056 628 1122; x_wconf 78' lang='lat' dir='ltr'><strong>narrationes</strong></span> <span class='ocrx_word' id='word_1_41' title='bbox 651 1056 839 1124; x_wconf 82' lang='lat' dir='ltr'><strong>confudisse.</strong></span> <span class='ocrx_word' id='word_1_42' title='bbox 884 1058 1011 1124; x_wconf 86' lang='lat' dir='ltr'><strong>Etenim</strong></span> <span class='ocrx_word' id='word_1_43' title='bbox 1034 1059 1061 1124; x_wconf 93' lang='lat' dir='ltr'><strong>si</strong></span> <span class='ocrx_word' id='word_1_44' title='bbox 1083 1058 1154 1142; x_wconf 90' lang='lat' dir='ltr'><strong>quis</strong></span> <span class='ocrx_word' id='word_1_45' title='bbox 1172 1058 1270 1124; x_wconf 87' lang='lat' dir='ltr'><strong>etiam</strong></span> 
     </span>
     <span class='ocr_line' id='line_1_7' title="bbox 238 1159 1270 1243; baseline 0.001 -17"><span class='ocrx_word' id='word_1_46' title='bbox 238 1159 378 1226; x_wconf 85' lang='lat' dir='ltr'><strong>iniustae</strong></span> <span class='ocrx_word' id='word_1_47' title='bbox 393 1160 462 1226; x_wconf 90' lang='lat' dir='ltr'><strong>neci</strong></span> <span class='ocrx_word' id='word_1_48' title='bbox 478 1178 497 1225; x_wconf 92' lang='lat' dir='ltr'><strong>a</strong></span> <span class='ocrx_word' id='word_1_49' title='bbox 510 1159 600 1243; x_wconf 83' lang='lat' dir='ltr'><strong>Gyge</strong></span> <span class='ocrx_word' id='word_1_50' title='bbox 613 1159 770 1226; x_wconf 87' lang='lat' dir='ltr'><strong>Candaoli</strong></span> <span class='ocrx_word' id='word_1_51' title='bbox 782 1160 910 1226; x_wconf 90' lang='lat' dir='ltr'><strong>oblatas</strong></span> <span class='ocrx_word' id='word_1_52' title='bbox 922 1161 1094 1227; x_wconf 90' lang='lat' dir='ltr'><strong>tumultum</strong></span> <span class='ocrx_word' id='word_1_53' title='bbox 1113 1165 1170 1226; x_wconf 91' lang='lat' dir='ltr'><strong>aut</strong></span> <span class='ocrx_word' id='word_1_54' title='bbox 1185 1161 1270 1227; x_wconf 89' lang='lat' dir='ltr'><strong>sedi·</strong></span> 
     </span>
     <span class='ocr_line' id='line_1_8' title="bbox 237 1259 1270 1346; baseline -0.001 -18"><span class='ocrx_word' id='word_1_55' title='bbox 237 1263 355 1328; x_wconf 91' lang='lat' dir='ltr'><strong>tionem</strong></span> <span class='ocrx_word' id='word_1_56' title='bbox 373 1281 484 1328; x_wconf 89' lang='lat' dir='ltr'><strong>nomen</strong></span> <span class='ocrx_word' id='word_1_57' title='bbox 505 1263 648 1344; x_wconf 91' lang='lat' dir='ltr'><strong>imponat</strong></span> <span class='ocrx_word' id='word_1_58' title='bbox 659 1299 701 1309; x_wconf 85' lang='lat'><strong>-</strong></span> <span class='ocrx_word' id='word_1_59' title='bbox 713 1265 767 1346; x_wconf 90' lang='lat' dir='ltr'><strong>qui</strong></span> <span class='ocrx_word' id='word_1_60' title='bbox 783 1260 852 1328; x_wconf 89' lang='lat' dir='ltr'><strong>fieri</strong></span> <span class='ocrx_word' id='word_1_61' title='bbox 867 1265 983 1346; x_wconf 90' lang='lat' dir='ltr'><strong>potuit,</strong></span> <span class='ocrx_word' id='word_1_62' title='bbox 999 1280 1125 1345; x_wconf 86' lang='lat' dir='ltr'><strong>quaeso,</strong></span> <span class='ocrx_word' id='word_1_63' title='bbox 1140 1266 1178 1328; x_wconf 92' lang='lat' dir='ltr'><strong>ut</strong></span> <span class='ocrx_word' id='word_1_64' title='bbox 1192 1259 1270 1327; x_wconf 89' lang='lat' dir='ltr'><strong>fide·</strong></span> 
     </span>
     <span class='ocr_line' id='line_1_9' title="bbox 237 1365 1271 1447; baseline 0.001 -18"><span class='ocrx_word' id='word_1_65' title='bbox 237 1365 283 1431; x_wconf 87' lang='lat' dir='ltr'><strong>les</strong></span> <span class='ocrx_word' id='word_1_66' title='bbox 305 1365 435 1447; x_wconf 81' lang='lat' dir='ltr'><strong>reginas</strong></span> <span class='ocrx_word' id='word_1_67' title='bbox 456 1365 614 1444; x_wconf 86' lang='lat' dir='ltr'><strong>ministri,</strong></span> <span class='ocrx_word' id='word_1_68' title='bbox 637 1365 691 1446; x_wconf 89' lang='lat' dir='ltr'><strong>qui</strong></span> <span class='ocrx_word' id='word_1_69' title='bbox 714 1365 838 1446; x_wconf 83' lang='lat' dir='ltr'><strong>Gygam</strong></span> <span class='ocrx_word' id='word_1_70' title='bbox 867 1367 1005 1434; x_wconf 89' lang='lat' dir='ltr'><strong>invitum</strong></span> <span class='ocrx_word' id='word_1_71' title='bbox 1028 1369 1200 1447; x_wconf 74' lang='lat' dir='ltr'><strong>coegerunt</strong></span> <span class='ocrx_word' id='word_1_72' title='bbox 1221 1383 1271 1430; x_wconf 91' lang='lat' dir='ltr'><strong>re-</strong></span> 
     </span>
     <span class='ocr_line' id='line_1_10' title="bbox 235 1461 1270 1552; baseline 0 -20"><span class='ocrx_word' id='word_1_73' title='bbox 235 1486 315 1550; x_wconf 82' lang='lat' dir='ltr'><strong>gem·</strong></span> <span class='ocrx_word' id='word_1_74' title='bbox 330 1466 519 1535; x_wconf 82' lang='lat' dir='ltr'><strong>interficere*</strong></span> <span class='ocrx_word' id='word_1_75' title='bbox 532 1461 564 1531; x_wconf 78' lang='lat' dir='ltr'><strong>oi</strong></span> <span class='ocrx_word' id='word_1_76' title='bbox 586 1473 610 1532; x_wconf 85' lang='lat' dir='ltr'><strong><em>I</em></strong></span> <span class='ocrx_word' id='word_1_77' title='bbox 612 1462 692 1552; x_wconf 76' lang='grc' dir='ltr'><em>ύγεω</em></span> <span class='ocrx_word' id='word_1_78' title='bbox 715 1471 895 1533; x_wconf 82' lang='grc' dir='ltr'><strong><em>στασιῶται</em></strong></span> <span class='ocrx_word' id='word_1_79' title='bbox 923 1470 943 1534; x_wconf 91' lang='lat' dir='ltr'><strong>i.</strong></span> <span class='ocrx_word' id='word_1_80' title='bbox 967 1489 993 1536; x_wconf 88' lang='lat' dir='ltr'><strong>e.</strong></span> <span class='ocrx_word' id='word_1_81' title='bbox 1016 1468 1183 1534; x_wconf 88' lang='lat' dir='ltr'><strong>coniurata</strong></span> <span class='ocrx_word' id='word_1_82' title='bbox 1205 1467 1270 1549; x_wconf 86' lang='lat' dir='ltr'><strong>Gy·</strong></span> 
     </span>
     <span class='ocr_line' id='line_1_11' title="bbox 236 1570 1270 1655; baseline 0.002 -21"><span class='ocrx_word' id='word_1_83' title='bbox 236 1570 286 1651; x_wconf 82' lang='lat' dir='ltr'><strong>gis</strong></span> <span class='ocrx_word' id='word_1_84' title='bbox 307 1570 404 1636; x_wconf 92' lang='lat' dir='ltr'><strong>turba</strong></span> <span class='ocrx_word' id='word_1_85' title='bbox 436 1570 476 1636; x_wconf 92' lang='lat' dir='ltr'><strong>ab</strong></span> <span class='ocrx_word' id='word_1_86' title='bbox 500 1570 661 1636; x_wconf 84' lang='lat' dir='ltr'><strong>Herodoto</strong></span> <span class='ocrx_word' id='word_1_87' title='bbox 693 1570 957 1653; x_wconf 80' lang='lat' dir='ltr'><strong>appellarentur?</strong></span> <span class='ocrx_word' id='word_1_88' title='bbox 999 1571 1179 1655; x_wconf 85' lang='lat' dir='ltr'><strong>Numquam</strong></span> <span class='ocrx_word' id='word_1_89' title='bbox 1206 1589 1270 1636; x_wconf 90' lang='lat' dir='ltr'><strong>me-</strong></span> 
     </span>
     <span class='ocr_line' id='line_1_12' title="bbox 210 1670 1271 1756; baseline 0 -20"><span class='ocrx_word' id='word_1_90' title='bbox 210 1737 214 1744; x_wconf 77' lang='lat'><em>,</em></span> <span class='ocrx_word' id='word_1_91' title='bbox 236 1672 343 1739; x_wconf 90' lang='lat' dir='ltr'><strong>hercle</strong></span> <span class='ocrx_word' id='word_1_92' title='bbox 364 1692 417 1738; x_wconf 94' lang='lat' dir='ltr'><strong>eos</strong></span> <span class='ocrx_word' id='word_1_93' title='bbox 439 1674 486 1739; x_wconf 91' lang='lat' dir='ltr'><strong>ita</strong></span> <span class='ocrx_word' id='word_1_94' title='bbox 503 1673 722 1756; x_wconf 80' lang='lat' dir='ltr'><strong>appellaturus</strong></span> <span class='ocrx_word' id='word_1_95' title='bbox 743 1679 824 1754; x_wconf 90' lang='lat' dir='ltr'><strong>erat,</strong></span> <span class='ocrx_word' id='word_1_96' title='bbox 846 1674 908 1740; x_wconf 93' lang='lat' dir='ltr'><strong>uisi</strong></span> <span class='ocrx_word' id='word_1_97' title='bbox 930 1674 1063 1740; x_wconf 87' lang='lat' dir='ltr'><strong>alterius</strong></span> <span class='ocrx_word' id='word_1_98' title='bbox 1079 1670 1271 1738; x_wconf 86' lang='lat' dir='ltr'><strong>narrationis</strong></span> 
     </span>
     <span class='ocr_line' id='line_1_13' title="bbox 236 1773 1271 1858; baseline 0.001 -19"><span class='ocrx_word' id='word_1_99' title='bbox 236 1776 267 1840; x_wconf 83' lang='lat' dir='ltr'><strong>si</strong></span> <span class='ocrx_word' id='word_1_100' title='bbox 288 1773 320 1840; x_wconf 92' lang='lat' dir='ltr'><strong>in</strong></span> <span class='ocrx_word' id='word_1_101' title='bbox 336 1779 472 1841; x_wconf 90' lang='lat' dir='ltr'><strong>mentem</strong></span> <span class='ocrx_word' id='word_1_102' title='bbox 487 1777 637 1855; x_wconf 87' lang='lat' dir='ltr'><strong>venisset,</strong></span> <span class='ocrx_word' id='word_1_103' title='bbox 660 1794 722 1858; x_wconf 89' lang='lat' dir='ltr'><strong>qua</strong></span> <span class='ocrx_word' id='word_1_104' title='bbox 738 1775 845 1858; x_wconf 84' lang='lat' dir='ltr'><strong>Gyges</strong></span> <span class='ocrx_word' id='word_1_105' title='bbox 862 1795 994 1858; x_wconf 85' lang='lat' dir='ltr'><strong>regnum</strong></span> <span class='ocrx_word' id='word_1_106' title='bbox 1016 1777 1049 1843; x_wconf 83' lang='lat' dir='ltr'><strong>vi</strong></span> <span class='ocrx_word' id='word_1_107' title='bbox 1066 1780 1099 1841; x_wconf 91' lang='lat' dir='ltr'><strong>et</strong></span> <span class='ocrx_word' id='word_1_108' title='bbox 1116 1775 1271 1841; x_wconf 89' lang='lat' dir='ltr'><strong>seditione</strong></span> 
     </span>
     <span class='ocr_line' id='line_1_14' title="bbox 236 1877 1271 1961; baseline -0.002 -19"><span class='ocrx_word' id='word_1_109' title='bbox 236 1895 407 1959; x_wconf 89' lang='lat' dir='ltr'><strong>occupasse</strong></span> <span class='ocrx_word' id='word_1_110' title='bbox 427 1878 624 1944; x_wconf 89' lang='lat' dir='ltr'><strong>tradebatur.</strong></span> <span class='ocrx_word' id='word_1_111' title='bbox 670 1877 833 1944; x_wconf 86' lang='lat' dir='ltr'><strong>Postremo</strong></span> <span class='ocrx_word' id='word_1_112' title='bbox 851 1880 880 1944; x_wconf 91' lang='lat' dir='ltr'><strong>si</strong></span> <span class='ocrx_word' id='word_1_113' title='bbox 895 1879 1076 1945; x_wconf 91' lang='lat' dir='ltr'><strong>etiamnunc</strong></span> <span class='ocrx_word' id='word_1_114' title='bbox 1091 1878 1168 1961; x_wconf 93' lang='lat' dir='ltr'><strong>quid</strong></span> <span class='ocrx_word' id='word_1_115' title='bbox 1184 1895 1271 1942; x_wconf 90' lang='lat' dir='ltr'><strong>scru-</strong></span> 
     </span>
     <span class='ocr_line' id='line_1_15' title="bbox 237 1978 1271 2065; baseline 0 -21"><span class='ocrx_word' id='word_1_116' title='bbox 237 1978 304 2058; x_wconf 93' lang='lat' dir='ltr'><strong>puli</strong></span> <span class='ocrx_word' id='word_1_117' title='bbox 328 1980 479 2061; x_wconf 88' lang='lat' dir='ltr'><strong>resideat,</strong></span> <span class='ocrx_word' id='word_1_118' title='bbox 507 1981 587 2048; x_wconf 90' lang='lat' dir='ltr'><strong>baec</strong></span> <span class='ocrx_word' id='word_1_119' title='bbox 609 1980 775 2064; x_wconf 87' lang='lat' dir='ltr'><strong>utriusque</strong></span> <span class='ocrx_word' id='word_1_120' title='bbox 804 1982 970 2065; x_wconf 86' lang='lat' dir='ltr'><strong>scriptoris</strong></span> <span class='ocrx_word' id='word_1_121' title='bbox 999 1981 1096 2047; x_wconf 85' lang='lat' dir='ltr'><strong>verba</strong></span> <span class='ocrx_word' id='word_1_122' title='bbox 1126 1981 1209 2045; x_wconf 89' lang='lat' dir='ltr'><strong>inter</strong></span> <span class='ocrx_word' id='word_1_123' title='bbox 1237 1997 1271 2045; x_wconf 90' lang='lat' dir='ltr'><strong>se</strong></span> 
     </span>
     <span class='ocr_line' id='line_1_16' title="bbox 238 2081 1272 2167; baseline -0.006 -17"><span class='ocrx_word' id='word_1_124' title='bbox 238 2101 422 2164; x_wconf 86' lang='lat' dir='ltr'><strong>comparare</strong></span> <span class='ocrx_word' id='word_1_125' title='bbox 446 2084 544 2164; x_wconf 89' lang='lat' dir='ltr'><strong>velis,</strong></span> <span class='ocrx_word' id='word_1_126' title='bbox 573 2103 688 2165; x_wconf 85' lang='lat' dir='ltr'><strong>magna</strong></span> <span class='ocrx_word' id='word_1_127' title='bbox 710 2083 795 2149; x_wconf 93' lang='lat' dir='ltr'><strong>enim</strong></span> <span class='ocrx_word' id='word_1_128' title='bbox 817 2103 899 2167; x_wconf 90' lang='lat' dir='ltr'><strong>quae</strong></span> <span class='ocrx_word' id='word_1_129' title='bbox 921 2086 1005 2150; x_wconf 91' lang='lat' dir='ltr'><strong>inter</strong></span> <span class='ocrx_word' id='word_1_130' title='bbox 1026 2101 1080 2151; x_wconf 90' lang='lat' dir='ltr'><strong>eos</strong></span> <span class='ocrx_word' id='word_1_131' title='bbox 1095 2081 1272 2149; x_wconf 82' lang='lat' dir='ltr'><strong>‚intercedit</strong></span> 
     </span>
     <span class='ocr_line' id='line_1_17' title="bbox 237 2179 1271 2269; baseline 0 -21"><span class='ocrx_word' id='word_1_132' title='bbox 237 2184 413 2250; x_wconf 91' lang='lat' dir='ltr'><strong>similitudo</strong></span> <span class='ocrx_word' id='word_1_133' title='bbox 425 2179 615 2253; x_wconf 91' lang='lat' dir='ltr'><strong>documento</strong></span> <span class='ocrx_word' id='word_1_134' title='bbox 628 2194 677 2252; x_wconf 90' lang='lat' dir='ltr'><strong>est</strong></span> <span class='ocrx_word' id='word_1_135' title='bbox 689 2185 826 2252; x_wconf 89' lang='lat' dir='ltr'><strong>alterum</strong></span> <span class='ocrx_word' id='word_1_136' title='bbox 838 2187 971 2254; x_wconf 89' lang='lat' dir='ltr'><strong>alterius</strong></span> <span class='ocrx_word' id='word_1_137' title='bbox 981 2205 1077 2269; x_wconf 88' lang='lat' dir='ltr'><strong>opere</strong></span> <span class='ocrx_word' id='word_1_138' title='bbox 1089 2203 1158 2252; x_wconf 89' lang='lat' dir='ltr'><strong>esso</strong></span> <span class='ocrx_word' id='word_1_139' title='bbox 1170 2202 1271 2250; x_wconf 89' lang='lat' dir='ltr'><strong>usum.</strong></span> 
     </span>
    </p>
   </div>
   <div class='ocr_carea' id='block_1_3' title="bbox 270 2319 1228 2407">
    <p class='ocr_par' dir='ltr' id='par_1_3' title="bbox 270 2319 1228 2407">
     <span class='ocr_line' id='line_1_18' title="bbox 270 2319 1228 2407; baseline -0.002 -25"><span class='ocrx_word' id='word_1_140' title='bbox 270 2325 411 2385; x_wconf 83' lang='lat' dir='ltr'><strong>Nicolaus</strong></span> <span class='ocrx_word' id='word_1_141' title='bbox 432 2326 468 2384; x_wconf 87' lang='lat' dir='ltr'><strong>fr.</strong></span> <span class='ocrx_word' id='word_1_142' title='bbox 485 2329 525 2384; x_wconf 82' lang='lat'><strong>48</strong></span> <span class='ocrx_word' id='word_1_143' title='bbox 548 2345 576 2402; x_wconf 90' lang='lat' dir='ltr'><strong>p.</strong></span> <span class='ocrx_word' id='word_1_144' title='bbox 595 2323 698 2407; x_wconf 69' lang='lat' dir='ltr'><strong>ellae.</strong></span> <span class='ocrx_word' id='word_1_145' title='bbox 829 2327 966 2385; x_wconf 89' lang='lat' dir='ltr'><strong>Herodot</strong></span> <span class='ocrx_word' id='word_1_146' title='bbox 953 2330 1001 2384; x_wconf 88' lang='lat' dir='ltr'><strong>tus</strong></span> <span class='ocrx_word' id='word_1_147' title='bbox 1022 2325 1040 2383; x_wconf 96' lang='lat' dir='ltr'>I</span> <span class='ocrx_word' id='word_1_148' title='bbox 1062 2345 1106 2402; x_wconf 92' lang='lat' dir='ltr'><strong>cp.</strong></span> <span class='ocrx_word' id='word_1_149' title='bbox 1128 2319 1228 2404; x_wconf 70' lang='lat' dir='ltr'><strong>¹2il3·</strong></span> 
     </span>
    </p>
   </div>
   <div class='ocr_carea' id='block_1_4' title="bbox 238 2419 1271 2680">
    <p class='ocr_par' dir='ltr' id='par_1_4' title="bbox 238 2419 1271 2680">
     <span class='ocr_line' id='line_1_19' title="bbox 276 2419 1271 2528; baseline -0.004 -42"><span class='ocrx_word' id='word_1_150' title='bbox 276 2419 514 2502; x_wconf 76' lang='grc' dir='ltr'><strong><em>ἔπιβατετων</em></strong></span> <span class='ocrx_word' id='word_1_151' title='bbox 479 2449 531 2502; x_wconf 82' lang='grc' dir='ltr'><strong>της</strong></span> <span class='ocrx_word' id='word_1_152' title='bbox 546 2421 639 2504; x_wconf 79' lang='grc' dir='ltr'><strong><em>αρχῆς</em></strong></span> <span class='ocrx_word' id='word_1_153' title='bbox 653 2445 725 2486; x_wconf 86' lang='grc' dir='ltr'><strong><em>ιιασ-</em></strong></span> <span class='ocrx_word' id='word_1_154' title='bbox 830 2425 892 2504; x_wconf 65' lang='grc' dir='ltr'><strong>ἔσχε</strong></span> <span class='ocrx_word' id='word_1_155' title='bbox 914 2420 1022 2485; x_wconf 77' lang='grc' dir='ltr'><strong>καὶ</strong></span> <span class='ocrx_word' id='word_1_156' title='bbox 987 2448 1042 2502; x_wconf 85' lang='grc' dir='ltr'><strong>την</strong></span> <span class='ocrx_word' id='word_1_157' title='bbox 1049 2429 1192 2528; x_wconf 76' lang='grc' dir='ltr'><strong><em>γυναῖκα</em></strong></span> <span class='ocrx_word' id='word_1_158' title='bbox 1220 2421 1271 2482; x_wconf 79' lang='lat' dir='ltr'><strong>nui</strong></span> 
     </span>
     <span class='ocr_line' id='line_1_20' title="bbox 238 2504 1271 2616; baseline -0.004 -46"><span class='ocrx_word' id='word_1_159' title='bbox 238 2511 324 2570; x_wconf 79' lang='lat' dir='ltr'><strong>cedei</strong></span> <span class='ocrx_word' id='word_1_160' title='bbox 344 2509 459 2584; x_wconf 76' lang='grc' dir='ltr'><strong><em>ἐξοπλίζ</em></strong></span> <span class='ocrx_word' id='word_1_161' title='bbox 443 2513 518 2584; x_wconf 60' lang='lat' dir='ltr'><strong>§ecca</strong></span> <span class='ocrx_word' id='word_1_162' title='bbox 551 2507 584 2616; x_wconf 69' lang='grc' dir='ltr'><strong>(α’</strong></span> <span class='ocrx_word' id='word_1_163' title='bbox 614 2507 724 2615; x_wconf 75' lang='grc' dir='ltr'>Γύγης)</span> <span class='ocrx_word' id='word_1_164' title='bbox 786 2507 840 2590; x_wconf 77' lang='grc' dir='ltr'><strong>τὴν</strong></span> <span class='ocrx_word' id='word_1_165' title='bbox 862 2504 1059 2614; x_wconf 77' lang='grc' dir='ltr'><strong><em>βασιληΐηνο</em></strong></span> <span class='ocrx_word' id='word_1_166' title='bbox 1083 2504 1182 2611; x_wconf 77' lang='grc' dir='ltr'><em>Γύγης</em></span> <span class='ocrx_word' id='word_1_167' title='bbox 1204 2508 1271 2611; x_wconf 82' lang='grc' dir='ltr'><strong><em>(τοι</em></strong></span> 
     </span>
     <span class='ocr_line' id='line_1_21' title="bbox 238 2587 1271 2680; baseline -0.002 -24"><span class='ocrx_word' id='word_1_168' title='bbox 238 2594 289 2656; x_wconf 83' lang='grc' dir='ltr'><strong>καὶ</strong></span> <span class='ocrx_word' id='word_1_169' title='bbox 312 2595 455 2676; x_wconf 75' lang='grc' dir='ltr'><strong><em>ἐξέρχεται</em></strong></span> <span class='ocrx_word' id='word_1_170' title='bbox 478 2593 576 2669; x_wconf 76' lang='grc' dir='ltr'><strong>εἰς</strong></span> <span class='ocrx_word' id='word_1_171' title='bbox 542 2619 596 2675; x_wconf 84' lang='grc' dir='ltr'><strong>την</strong></span> <span class='ocrx_word' id='word_1_172' title='bbox 611 2591 725 2680; x_wconf 72' lang='lat' dir='ltr'><strong>eiyopoiv</strong></span> <span class='ocrx_word' id='word_1_173' title='bbox 787 2596 838 2659; x_wconf 83' lang='grc' dir='ltr'><strong>καὶ</strong></span> <span class='ocrx_word' id='word_1_174' title='bbox 849 2589 1050 2678; x_wconf 46' lang='grc' dir='ltr'><strong>ΗΑρχίλοχος</strong></span> <span class='ocrx_word' id='word_1_175' title='bbox 1033 2618 1048 2657; x_wconf 95' lang='lat' dir='ltr'><strong>o</strong></span> <span class='ocrx_word' id='word_1_176' title='bbox 1065 2589 1183 2676; x_wconf 75' lang='grc' dir='ltr'><strong><em>Πάριος</em></strong></span> <span class='ocrx_word' id='word_1_177' title='bbox 1196 2587 1271 2655; x_wconf 72' lang='grc' dir='ltr'><strong><em>κατα</em></strong></span> 
     </span>
    </p>
   </div>
   <div class='ocr_carea' id='block_1_5' title="bbox 238 2750 442 2762">
    <p class='ocr_par' dir='ltr' id='par_1_5' title="bbox 238 2750 442 2762">
     <span class='ocr_line' id='line_1_22' title="bbox 238 2750 442 2762; baseline 0 0"><span class='ocrx_word' id='word_1_178' title='bbox 238 2750 442 2762; x_wconf 57' lang='grc' dir='ltr'><strong>*ιιι-</strong></span> 
     </span>
    </p>
   </div>
   <div class='ocr_carea' id='block_1_6' title="bbox 237 2846 1273 4216">
    <p class='ocr_par' dir='ltr' id='par_1_6' title="bbox 237 2846 1273 4216">
     <span class='ocr_line' id='line_1_23' title="bbox 238 2846 1271 2934; baseline -0.001 -20"><span class='ocrx_word' id='word_1_179' title='bbox 238 2857 341 2914; x_wconf 87' lang='lat' dir='ltr'><strong>natur:</strong></span> <span class='ocrx_word' id='word_1_180' title='bbox 366 2847 545 2929; x_wconf 78' lang='grc' dir='ltr'><strong><em>Κανδαύλης</em></strong></span> <span class='ocrx_word' id='word_1_181' title='bbox 558 2846 609 2913; x_wconf 74' lang='grc' dir='ltr'><strong>τόν</strong></span> <span class='ocrx_word' id='word_1_182' title='bbox 631 2853 663 2913; x_wconf 82' lang='lat' dir='ltr'><strong>oi</strong></span> <span class='ocrx_word' id='word_1_183' title='bbox 673 2851 813 2930; x_wconf 79' lang='grc' dir='ltr'><em>Ἕλληνες</em></span> <span class='ocrx_word' id='word_1_184' title='bbox 829 2851 987 2934; x_wconf 76' lang='grc' dir='ltr'><strong><em>Μύρσιλον</em></strong></span> <span class='ocrx_word' id='word_1_185' title='bbox 1002 2847 1191 2930; x_wconf 78' lang='grc' dir='ltr'><strong><em>ὀνομάζουσι,</em></strong></span> <span class='ocrx_word' id='word_1_186' title='bbox 1207 2853 1271 2913; x_wconf 90' lang='lat' dir='ltr'><strong>eius</strong></span> 
     </span>
     <span class='ocr_line' id='line_1_24' title="bbox 237 2940 1271 3021; baseline -0.002 -22"><span class='ocrx_word' id='word_1_187' title='bbox 237 2940 280 2999; x_wconf 90' lang='lat' dir='ltr'><strong>rei</strong></span> <span class='ocrx_word' id='word_1_188' title='bbox 304 2959 420 2999; x_wconf 89' lang='lat' dir='ltr'><strong>causam</strong></span> <span class='ocrx_word' id='word_1_189' title='bbox 442 2941 511 2998; x_wconf 90' lang='lat' dir='ltr'><strong>inde</strong></span> <span class='ocrx_word' id='word_1_190' title='bbox 534 2960 645 3013; x_wconf 90' lang='lat' dir='ltr'><strong>sumas,</strong></span> <span class='ocrx_word' id='word_1_191' title='bbox 669 2943 746 3021; x_wconf 93' lang='lat' dir='ltr'><strong>quod</strong></span> <span class='ocrx_word' id='word_1_192' title='bbox 770 2941 878 3014; x_wconf 85' lang='lat' dir='ltr'><strong>fabula,</strong></span> <span class='ocrx_word' id='word_1_193' title='bbox 902 2961 990 3020; x_wconf 89' lang='lat' dir='ltr'><strong>quam</strong></span> <span class='ocrx_word' id='word_1_194' title='bbox 1013 2941 1183 3000; x_wconf 86' lang='lat' dir='ltr'><strong>Herodotus</strong></span> <span class='ocrx_word' id='word_1_195' title='bbox 1205 2940 1271 2999; x_wconf 87' lang='lat' dir='ltr'><strong>red·</strong></span> 
     </span>
     <span class='ocr_line' id='line_1_25' title="bbox 239 3024 1270 3106; baseline 0.001 -22"><span class='ocrx_word' id='word_1_196' title='bbox 239 3027 336 3099; x_wconf 90' lang='lat' dir='ltr'><strong>debat,</strong></span> <span class='ocrx_word' id='word_1_197' title='bbox 360 3024 536 3085; x_wconf 82' lang='lat' dir='ltr'><strong>Candauiam</strong></span> <span class='ocrx_word' id='word_1_198' title='bbox 560 3045 661 3100; x_wconf 86' lang='lat' dir='ltr'><strong>regem</strong></span> <span class='ocrx_word' id='word_1_199' title='bbox 683 3047 701 3086; x_wconf 90' lang='lat' dir='ltr'><strong>a</strong></span> <span class='ocrx_word' id='word_1_200' title='bbox 722 3027 806 3106; x_wconf 83' lang='lat' dir='ltr'><strong>Gyge</strong></span> <span class='ocrx_word' id='word_1_201' title='bbox 828 3027 1016 3086; x_wconf 85' lang='lat' dir='ltr'><strong>interiectum</strong></span> <span class='ocrx_word' id='word_1_202' title='bbox 1039 3045 1103 3085; x_wconf 89' lang='lat' dir='ltr'><strong>esse</strong></span> <span class='ocrx_word' id='word_1_203' title='bbox 1126 3026 1270 3086; x_wconf 82' lang='lat' dir='ltr'><strong>tradebat.</strong></span> 
     </span>
     <span class='ocr_line' id='line_1_26' title="bbox 238 3110 1272 3188; baseline -0.002 -18"><span class='ocrx_word' id='word_1_204' title='bbox 238 3112 411 3172; x_wconf 85' lang='lat' dir='ltr'><strong>Herodotus</strong></span> <span class='ocrx_word' id='word_1_205' title='bbox 432 3130 513 3183; x_wconf 90' lang='lat' dir='ltr'><strong>vero,</strong></span> <span class='ocrx_word' id='word_1_206' title='bbox 536 3131 602 3170; x_wconf 88' lang='lat' dir='ltr'><strong>eum</strong></span> <span class='ocrx_word' id='word_1_207' title='bbox 618 3113 696 3188; x_wconf 87' lang='lat' dir='ltr'><strong>apud</strong></span> <span class='ocrx_word' id='word_1_208' title='bbox 710 3112 865 3174; x_wconf 87' lang='lat' dir='ltr'><strong>Xanthum</strong></span> <span class='ocrx_word' id='word_1_209' title='bbox 881 3113 1010 3188; x_wconf 86' lang='lat' dir='ltr'><strong>legisset,</strong></span> <span class='ocrx_word' id='word_1_210' title='bbox 1032 3131 1132 3186; x_wconf 85' lang='lat' dir='ltr'><strong>regem</strong></span> <span class='ocrx_word' id='word_1_211' title='bbox 1155 3131 1172 3169; x_wconf 90' lang='lat' dir='ltr'><strong>a</strong></span> <span class='ocrx_word' id='word_1_212' title='bbox 1188 3110 1272 3188; x_wconf 81' lang='lat' dir='ltr'><strong>Gyge</strong></span> 
     </span>
     <span class='ocr_line' id='line_1_27' title="bbox 238 3196 1271 3278; baseline -0.003 -22"><span class='ocrx_word' id='word_1_213' title='bbox 238 3203 375 3256; x_wconf 87' lang='lat' dir='ltr'><strong>necatum</strong></span> <span class='ocrx_word' id='word_1_214' title='bbox 406 3196 500 3275; x_wconf 81' lang='lat' dir='ltr'><strong>Myrsi</strong></span> <span class='ocrx_word' id='word_1_215' title='bbox 532 3196 626 3254; x_wconf 89' lang='lat' dir='ltr'><strong>filium</strong></span> <span class='ocrx_word' id='word_1_216' title='bbox 656 3197 764 3272; x_wconf 84' lang='lat' dir='ltr'><strong>fuisse,</strong></span> <span class='ocrx_word' id='word_1_217' title='bbox 794 3217 882 3278; x_wconf 86' lang='lat' dir='ltr'><strong>quem</strong></span> <span class='ocrx_word' id='word_1_218' title='bbox 914 3197 1018 3256; x_wconf 83' lang='lat' dir='ltr'><strong>Graeci</strong></span> <span class='ocrx_word' id='word_1_219' title='bbox 1049 3199 1086 3256; x_wconf 93' lang='lat' dir='ltr'><strong>ob</strong></span> <span class='ocrx_word' id='word_1_220' title='bbox 1116 3216 1180 3256; x_wconf 90' lang='lat' dir='ltr'><strong>eam</strong></span> <span class='ocrx_word' id='word_1_221' title='bbox 1208 3214 1271 3254; x_wconf 87' lang='lat' dir='ltr'><strong>rem</strong></span> 
     </span>
     <span class='ocr_line' id='line_1_28' title="bbox 239 3282 1272 3360; baseline -0.001 -21"><span class='ocrx_word' id='word_1_222' title='bbox 239 3282 396 3360; x_wconf 87' lang='lat' dir='ltr'><strong>Myrsilum</strong></span> <span class='ocrx_word' id='word_1_223' title='bbox 418 3287 583 3353; x_wconf 84' lang='lat' dir='ltr'><strong>vocassent,</strong></span> <span class='ocrx_word' id='word_1_224' title='bbox 605 3283 683 3341; x_wconf 89' lang='lat' dir='ltr'><strong>idem</strong></span> <span class='ocrx_word' id='word_1_225' title='bbox 706 3284 856 3343; x_wconf 86' lang='lat' dir='ltr'><strong>rettulisse</strong></span> <span class='ocrx_word' id='word_1_226' title='bbox 878 3283 951 3341; x_wconf 89' lang='lat' dir='ltr'><strong>mihi</strong></span> <span class='ocrx_word' id='word_1_227' title='bbox 972 3283 1108 3354; x_wconf 83' lang='lat' dir='ltr'><strong>videtur,</strong></span> <span class='ocrx_word' id='word_1_228' title='bbox 1131 3287 1164 3341; x_wconf 89' lang='lat' dir='ltr'><strong>ut</strong></span> <span class='ocrx_word' id='word_1_229' title='bbox 1186 3301 1272 3340; x_wconf 87' lang='lat' dir='ltr'><strong>suum</strong></span> 
     </span>
     <span class='ocr_line' id='line_1_29' title="bbox 239 3367 1272 3446; baseline -0.004 -20"><span class='ocrx_word' id='word_1_230' title='bbox 239 3367 353 3445; x_wconf 83' lang='lat' dir='ltr'><strong>Gygam</strong></span> <span class='ocrx_word' id='word_1_231' title='bbox 383 3386 471 3446; x_wconf 91' lang='lat' dir='ltr'><strong>quam</strong></span> <span class='ocrx_word' id='word_1_232' title='bbox 502 3367 629 3425; x_wconf 78' lang='lat' dir='ltr'><strong>maxime</strong></span> <span class='ocrx_word' id='word_1_233' title='bbox 659 3370 694 3426; x_wconf 91' lang='lat' dir='ltr'><strong>ad</strong></span> <span class='ocrx_word' id='word_1_234' title='bbox 726 3369 948 3428; x_wconf 89' lang='lat' dir='ltr'><strong>similitudinem</strong></span> <span class='ocrx_word' id='word_1_235' title='bbox 979 3368 1042 3428; x_wconf 89' lang='lat' dir='ltr'><strong>veri</strong></span> <span class='ocrx_word' id='word_1_236' title='bbox 1066 3367 1159 3445; x_wconf 80' lang='lat' dir='ltr'><strong>Gygis</strong></span> <span class='ocrx_word' id='word_1_237' title='bbox 1181 3367 1272 3424; x_wconf 90' lang='lat' dir='ltr'><strong>addu-</strong></span> 
     </span>
     <span class='ocr_line' id='line_1_30' title="bbox 240 3451 1273 3531; baseline -0.004 -19"><span class='ocrx_word' id='word_1_238' title='bbox 240 3459 330 3513; x_wconf 89' lang='lat' dir='ltr'><strong>ceret.</strong></span> <span class='ocrx_word' id='word_1_239' title='bbox 381 3453 457 3511; x_wconf 87' lang='lat' dir='ltr'><strong>Nam</strong></span> <span class='ocrx_word' id='word_1_240' title='bbox 488 3453 567 3529; x_wconf 93' lang='lat' dir='ltr'><strong>quod</strong></span> <span class='ocrx_word' id='word_1_241' title='bbox 598 3451 728 3512; x_wconf 81' lang='lat' dir='ltr'><strong>Sicinius</strong></span> <span class='ocrx_word' id='word_1_242' title='bbox 762 3459 793 3512; x_wconf 91' lang='lat' dir='ltr'><strong>et</strong></span> <span class='ocrx_word' id='word_1_243' title='bbox 821 3455 950 3513; x_wconf 78' lang='lat' dir='ltr'><strong>(lobetus</strong></span> <span class='ocrx_word' id='word_1_244' title='bbox 987 3453 1195 3531; x_wconf 87' lang='lat' dir='ltr'><strong>(Mnemosyne</strong></span> <span class='ocrx_word' id='word_1_245' title='bbox 1224 3451 1273 3509; x_wconf 85' lang='lat' dir='ltr'><strong>XI</strong></span> 
     </span>
     <span class='ocr_line' id='line_1_31' title="bbox 239 3533 1273 3616; baseline -0.004 -19"><span class='ocrx_word' id='word_1_246' title='bbox 239 3559 269 3616; x_wconf 91' lang='lat' dir='ltr'><strong>p.</strong></span> <span class='ocrx_word' id='word_1_247' title='bbox 294 3537 346 3616; x_wconf 88' lang='grc'><strong>71)</strong></span> <span class='ocrx_word' id='word_1_248' title='bbox 368 3539 460 3597; x_wconf 85' lang='lat' dir='ltr'><strong>verbo</strong></span> <span class='ocrx_word' id='word_1_249' title='bbox 478 3533 616 3610; x_wconf 77' lang='grc' dir='ltr'><strong><em>Ἕλληνες</em></strong></span> <span class='ocrx_word' id='word_1_250' title='bbox 637 3540 675 3597; x_wconf 84' lang='lat' dir='ltr'><strong>ad</strong></span> <span class='ocrx_word' id='word_1_251' title='bbox 698 3539 771 3598; x_wconf 87' lang='lat' dir='ltr'><strong>alios</strong></span> <span class='ocrx_word' id='word_1_252' title='bbox 794 3539 922 3599; x_wconf 84' lang='lat' dir='ltr'><strong>Graecos</strong></span> <span class='ocrx_word' id='word_1_253' title='bbox 944 3541 1007 3600; x_wconf 90' lang='lat' dir='ltr'><strong>sive</strong></span> <span class='ocrx_word' id='word_1_254' title='bbox 1030 3538 1187 3614; x_wconf 81' lang='lat' dir='ltr'><strong>scriptores</strong></span> <span class='ocrx_word' id='word_1_255' title='bbox 1209 3537 1273 3596; x_wconf 87' lang='lat' dir='ltr'><strong>sive</strong></span> 
     </span>
     <span class='ocr_line' id='line_1_32' title="bbox 239 3622 1273 3702; baseline 0 -19"><span class='ocrx_word' id='word_1_256' title='bbox 239 3627 344 3700; x_wconf 75' lang='lat' dir='ltr'><strong>politas</strong></span> <span class='ocrx_word' id='word_1_257' title='bbox 364 3622 473 3700; x_wconf 89' lang='lat' dir='ltr'><strong>respici</strong></span> <span class='ocrx_word' id='word_1_258' title='bbox 496 3623 694 3697; x_wconf 87' lang='lat' dir='ltr'><strong>coniecerunt,</strong></span> <span class='ocrx_word' id='word_1_259' title='bbox 716 3625 747 3683; x_wconf 91' lang='lat' dir='ltr'><strong>id</strong></span> <span class='ocrx_word' id='word_1_260' title='bbox 761 3630 919 3702; x_wconf 86' lang='lat' dir='ltr'><strong>propterea</strong></span> <span class='ocrx_word' id='word_1_261' title='bbox 940 3625 1038 3684; x_wconf 90' lang='lat' dir='ltr'><strong>minus</strong></span> <span class='ocrx_word' id='word_1_262' title='bbox 1053 3623 1207 3700; x_wconf 83' lang='lat' dir='ltr'><strong>probabile</strong></span> <span class='ocrx_word' id='word_1_263' title='bbox 1227 3622 1273 3683; x_wconf 83' lang='lat' dir='ltr'><strong>vi·</strong></span> 
     </span>
     <span class='ocr_line' id='line_1_33' title="bbox 240 3708 1272 3788; baseline -0.003 -20"><span class='ocrx_word' id='word_1_264' title='bbox 240 3711 333 3783; x_wconf 88' lang='lat' dir='ltr'><strong>detur,</strong></span> <span class='ocrx_word' id='word_1_265' title='bbox 357 3708 436 3788; x_wconf 90' lang='lat' dir='ltr'><strong>quod</strong></span> <span class='ocrx_word' id='word_1_266' title='bbox 458 3709 490 3768; x_wconf 92' lang='lat' dir='ltr'><strong>in</strong></span> <span class='ocrx_word' id='word_1_267' title='bbox 505 3708 616 3768; x_wconf 92' lang='lat' dir='ltr'><strong>nullius</strong></span> <span class='ocrx_word' id='word_1_268' title='bbox 632 3709 735 3769; x_wconf 84' lang='lat' dir='ltr'><strong>Graeci</strong></span> <span class='ocrx_word' id='word_1_269' title='bbox 751 3729 807 3768; x_wconf 87' lang='lat' dir='ltr'><strong>nso</strong></span> <span class='ocrx_word' id='word_1_270' title='bbox 820 3711 997 3786; x_wconf 84' lang='lat' dir='ltr'><strong>logographi</strong></span> <span class='ocrx_word' id='word_1_271' title='bbox 1019 3729 1074 3770; x_wconf 90' lang='lat' dir='ltr'><strong>nec</strong></span> <span class='ocrx_word' id='word_1_272' title='bbox 1095 3710 1173 3769; x_wconf 90' lang='lat' dir='ltr'><strong>vatis</strong></span> <span class='ocrx_word' id='word_1_273' title='bbox 1194 3709 1272 3784; x_wconf 83' lang='lat' dir='ltr'><strong>frag-</strong></span> 
     </span>
     <span class='ocr_line' id='line_1_34' title="bbox 240 3793 1273 3874; baseline -0.002 -22"><span class='ocrx_word' id='word_1_274' title='bbox 240 3795 348 3855; x_wconf 89' lang='lat' dir='ltr'><strong>mentis</strong></span> <span class='ocrx_word' id='word_1_275' title='bbox 370 3796 522 3873; x_wconf 89' lang='lat' dir='ltr'><strong>usquein</strong></span> <span class='ocrx_word' id='word_1_276' title='bbox 544 3796 658 3868; x_wconf 87' lang='lat' dir='ltr'><strong>ceteris,</strong></span> <span class='ocrx_word' id='word_1_277' title='bbox 680 3796 712 3853; x_wconf 91' lang='lat' dir='ltr'><strong>in</strong></span> <span class='ocrx_word' id='word_1_278' title='bbox 735 3796 843 3874; x_wconf 90' lang='lat' dir='ltr'><strong>quibus</strong></span> <span class='ocrx_word' id='word_1_279' title='bbox 857 3796 985 3870; x_wconf 85' lang='lat' dir='ltr'><strong>vestigia</strong></span> <span class='ocrx_word' id='word_1_280' title='bbox 1005 3795 1116 3856; x_wconf 80' lang='lat' dir='ltr'><strong>veteris</strong></span> <span class='ocrx_word' id='word_1_281' title='bbox 1139 3795 1174 3852; x_wconf 87' lang='lat' dir='ltr'><strong>ds</strong></span> <span class='ocrx_word' id='word_1_282' title='bbox 1190 3793 1273 3871; x_wconf 79' lang='lat' dir='ltr'><strong>Gyge</strong></span> 
     </span>
     <span class='ocr_line' id='line_1_35' title="bbox 238 3879 1273 3959; baseline -0.002 -21"><span class='ocrx_word' id='word_1_283' title='bbox 238 3879 357 3939; x_wconf 82' lang='lat' dir='ltr'><strong>fabulae</strong></span> <span class='ocrx_word' id='word_1_284' title='bbox 371 3884 523 3956; x_wconf 90' lang='lat' dir='ltr'><strong>apparent,</strong></span> <span class='ocrx_word' id='word_1_285' title='bbox 546 3880 766 3940; x_wconf 88' lang='lat' dir='ltr'><strong>narrationibus</strong></span> <span class='ocrx_word' id='word_1_286' title='bbox 782 3881 898 3959; x_wconf 90' lang='lat' dir='ltr'><strong>Myrsili</strong></span> <span class='ocrx_word' id='word_1_287' title='bbox 914 3885 1012 3940; x_wconf 81' lang='lat' dir='ltr'><strong>exstat</strong></span> <span class='ocrx_word' id='word_1_288' title='bbox 1026 3899 1143 3939; x_wconf 90' lang='lat' dir='ltr'><strong>nomen.</strong></span> <span class='ocrx_word' id='word_1_289' title='bbox 1187 3879 1273 3937; x_wconf 90' lang='lat' dir='ltr'><strong>Plato</strong></span> 
     </span>
     <span class='ocr_line' id='line_1_36' title="bbox 240 3964 1273 4041; baseline -0.002 -17"><span class='ocrx_word' id='word_1_290' title='bbox 240 3965 335 4039; x_wconf 86' lang='lat' dir='ltr'><strong>enim,</strong></span> <span class='ocrx_word' id='word_1_291' title='bbox 358 3967 504 4026; x_wconf 86' lang='lat' dir='ltr'><strong>Herodoti</strong></span> <span class='ocrx_word' id='word_1_292' title='bbox 527 3965 709 4037; x_wconf 88' lang='lat' dir='ltr'><strong>simillimus,</strong></span> <span class='ocrx_word' id='word_1_293' title='bbox 732 3985 832 4041; x_wconf 83' lang='lat' dir='ltr'><strong>regem</strong></span> <span class='ocrx_word' id='word_1_294' title='bbox 858 3966 942 4025; x_wconf 92' lang='lat' dir='ltr'><strong>illum</strong></span> <span class='ocrx_word' id='word_1_295' title='bbox 964 3965 1131 4025; x_wconf 86' lang='lat' dir='ltr'><strong>fabulosum</strong></span> <span class='ocrx_word' id='word_1_296' title='bbox 1153 3964 1273 4023; x_wconf 89' lang='lat' dir='ltr'><strong>nomine</strong></span> 
     </span>
     <span class='ocr_line' id='line_1_37' title="bbox 241 4051 1272 4128; baseline 0 -19"><span class='ocrx_word' id='word_1_297' title='bbox 241 4051 361 4111; x_wconf 91' lang='lat' dir='ltr'><strong>omnino</strong></span> <span class='ocrx_word' id='word_1_298' title='bbox 384 4071 444 4110; x_wconf 94' lang='lat' dir='ltr'><strong>non</strong></span> <span class='ocrx_word' id='word_1_299' title='bbox 460 4051 600 4128; x_wconf 85' lang='lat' dir='ltr'><strong>appellat,</strong></span> <span class='ocrx_word' id='word_1_300' title='bbox 623 4051 802 4111; x_wconf 88' lang='lat' dir='ltr'><strong>Plutarchus</strong></span> <span class='ocrx_word' id='word_1_301' title='bbox 824 4071 859 4110; x_wconf 90' lang='lat' dir='ltr'><strong>ea</strong></span> <span class='ocrx_word' id='word_1_302' title='bbox 880 4051 911 4109; x_wconf 93' lang='lat' dir='ltr'><strong>in</strong></span> <span class='ocrx_word' id='word_1_303' title='bbox 933 4070 965 4109; x_wconf 89' lang='lat' dir='ltr'><strong>re</strong></span> <span class='ocrx_word' id='word_1_304' title='bbox 980 4051 1166 4110; x_wconf 91' lang='lat' dir='ltr'><strong>Herodotum</strong></span> <span class='ocrx_word' id='word_1_305' title='bbox 1189 4068 1272 4110; x_wconf 88' lang='lat' dir='ltr'><strong>secu·</strong></span> 
     </span>
     <span class='ocr_line' id='line_1_38' title="bbox 240 4136 1004 4216; baseline -0.001 -18"><span class='ocrx_word' id='word_1_306' title='bbox 240 4145 289 4198; x_wconf 86' lang='lat' dir='ltr'><strong>tus</strong></span> <span class='ocrx_word' id='word_1_307' title='bbox 310 4156 419 4197; x_wconf 91' lang='lat' dir='ltr'><strong>nomen</strong></span> <span class='ocrx_word' id='word_1_308' title='bbox 446 4137 474 4196; x_wconf 91' lang='lat' dir='ltr'><strong>ei</strong></span> <span class='ocrx_word' id='word_1_309' title='bbox 495 4137 574 4199; x_wconf 90' lang='lat' dir='ltr'><strong>indit</strong></span> <span class='ocrx_word' id='word_1_310' title='bbox 595 4136 737 4198; x_wconf 77' lang='lat' dir='ltr'><strong>Candauli</strong></span> <span class='ocrx_word' id='word_1_311' title='bbox 759 4136 897 4215; x_wconf 74' lang='lat' dir='ltr'><strong>&lt;Masalia</strong></span> <span class='ocrx_word' id='word_1_312' title='bbox 920 4136 1004 4216; x_wconf 78' lang='lat'><strong>802).</strong></span> 
     </span>
    </p>
   </div>
   <div class='ocr_carea' id='block_1_7' title="bbox 0 0 1570 4888">
    <p class='ocr_par' dir='ltr' id='par_1_7' title="bbox 0 0 1570 4888">
     <span class='ocr_line' id='line_1_39' title="bbox 0 0 1570 4888; baseline 0 0"><span class='ocrx_word' id='word_1_313' title='bbox 0 0 1570 4888; x_wconf 95' lang='lat' dir='ltr'><strong> </strong></span> 
     </span>
    </p>
   </div>
  </div>
 </body>
</html>
