3120 4888
703 476 915 544 „50-

288 668 430 718 summae
453 649 661 718 humanitatis
694 655 727 714 et
754 649 834 714 artis
857 648 1048 731 perpolitam
1082 653 1115 714 et
1143 648 1327 730 perfectam.

288 753 414 820 Etenim
436 771 494 820 nec
516 755 643 836 aLydo
659 753 814 834 scriptore
836 769 895 817 nec
917 752 958 816 ab
973 751 1139 817 Herodoto
1161 752 1233 833 ipso
1256 770 1325 816 eam

287 855 443 925 eiusmodi
460 862 645 922 exornatam
663 874 737 920 esse
761 856 882 920 atinde
898 861 1043 938 apparet,
1064 856 1148 936 quod
1165 873 1184 919 a
1199 855 1326 935 Croeso,

289 976 359 1024 cum
378 957 439 1026 filii
462 965 595 1025 mortem
618 958 798 1024 audivisset
827 957 915 1023 iacta
944 975 1017 1022 esse
1039 959 1211 1022 traduntur
1232 957 1328 1022 hacc:

289 1078 337 1141 cp.
355 1061 398 1126 44
421 1055 534 1126 ἐκάλεε
555 1058 616 1145 μὲν
632 1055 699 1126 Δία
721 1055 916 1146 καθάρσιον,
939 1055 1183 1145 μαρτυρόμενος
1203 1055 1245 1124 τὰ
1260 1054 1327 1124 ὑπὸ

288 1165 347 1228 τοῦ
372 1159 478 1244 ξείνου
499 1157 772 1250 aeweredesie,
795 1157 907 1228 ἐκάλεε
929 1160 966 1228 δὲ
988 1158 1139 1228 ἐπίστιον
1160 1159 1217 1226 ναὶ
1237 1155 1327 1226 ἑται-

289 1262 379 1356 ρήιον
400 1264 457 1332 τὸν
480 1258 577 1332 αὐτὸν
606 1269 720 1332 τοῦτον
743 1259 916 1350 ὀνομάζων
937 1261 1018 1330 θεὸν
1048 1273 1081 1330 st
1110 1265 1225 1330 deinde
1257 1264 1328 1328 dili-

288 1369 474 1452 gentissime
496 1369 690 1450 explicatur,
720 1369 835 1452 quibus
868 1369 908 1435 de
941 1369 1047 1434 causis
1077 1367 1173 1433 trium
1202 1367 1328 1432 illorum

288 1476 420 1540 deorum
442 1471 523 1538 fides
545 1472 748 1556 imploranda
769 1471 881 1552 luerit,
903 1509 944 1518 -—
969 1471 1098 1536 atinde
1120 1473 1205 1552 quod
1227 1471 1326 1534 Grae-

289 1595 395 1646 corum
418 1575 568 1656 expiandi
589 1575 772 1642 fratricidae
794 1593 863 1640 mos
886 1574 928 1638 ad
944 1574 1053 1655 Lydos
1076 1573 1219 1655 refertur,
1240 1572 1329 1638 hisce

288 1680 407 1748 additis
430 1678 550 1744 verbis:
581 1671 651 1742 ἔστι
682 1675 719 1742 δὲ
748 1672 965 1763 παραπλησίη
999 1669 1018 1762 ἡ
1045 1671 1211 1762 κάθαρσις
1224 1747 1225 1754 ¹
1239 1677 1328 1740 τοῖσι

292 1782 441 1852 Λυδοῖσι
462 1777 518 1845 καὶ
539 1782 627 1846 τοῖσι
649 1773 796 1865 Ἕλλησι,
828 1800 845 1846 e
868 1779 983 1861 quibus
1005 1777 1215 1861 perspicitur,
1245 1795 1328 1859 qnae

289 1887 375 1968 apud
398 1890 560 1950 auctorem
591 1902 685 1950 suum
716 1882 840 1964 legerat
862 1883 1046 1948 Herodotus
1077 1883 1118 1946 de
1148 1881 1328 1963 expiatione

289 1987 421 2054 Adrasti
444 1988 525 2052 adeo
548 1987 738 2069 congruisse
761 2003 831 2050 cnm
855 1985 911 2064 eis,
933 2002 1014 2066 quas
1036 1983 1252 2050 interfectoris
1274 2001 1327 2048 ex·

288 2091 399 2173 piandi
421 2107 520 2156 cansa
541 2089 673 2156 Graecis
696 2088 826 2170 exsequi
858 2107 926 2154 mos
949 2093 1038 2168 erat,
1071 2086 1271 2152 caerimoniis
1294 2091 1330 2150 ut

289 2195 449 2260 Graecum
470 2193 622 2258 lectorem
645 2193 685 2256 de
708 2191 755 2256 eis
778 2192 912 2258 edocere
934 2191 1168 2272 supersederet
1212 2188 1328 2265 Quam·

289 2297 398 2362 obrem
420 2296 483 2360 etsi
505 2295 584 2360 nihil
606 2295 749 2376 impedit
771 2294 940 2376 quominus
959 2294 1109 2359 Xanthus
1131 2293 1164 2358 in
1178 2291 1328 2374 Lydiacis

290 2406 324 2466 et
346 2398 495 2478 colloquii
517 2397 602 2464 inter
622 2395 775 2463 Croesum
799 2401 832 2462 et
853 2396 1002 2462 Solonem
1031 2395 1132 2460 habiti
1161 2401 1194 2460 et
1215 2394 1327 2460 moirtis

289 2501 394 2583 Atym,
416 2499 526 2566 Croesi
541 2495 607 2580 filii,
629 2501 820 2565 mentionem
843 2498 958 2566 iecisse
981 2499 1140 2579 credatur,
1161 2497 1326 2564 Herodoto

291 2604 456 2670 materiem
478 2602 657 2668 fabularum
679 2619 808 2668 suarum
832 2621 895 2668 non
917 2601 1109 2684 praebuerit.

375 2705 527 2774 Venimus
561 2705 604 2771 ad
635 2705 792 2787 Apollinis
817 2701 928 2786 'Pythii
958 2704 1158 2787 aliorumque
1196 2705 1327 2769 deorum

293 2808 437 2888 oracula,
470 2826 553 2890 quae
583 2806 721 2874 Croesus
754 2807 888 2889 petiisse
921 2812 953 2873 et
984 2807 1149 2888 accepisse
1179 2813 1329 2872 momatur

290 2913 322 2978 in
346 2909 503 2994 capitibus
526 2912 654 2978 zio-56
676 2916 709 2977 et
730 2910 763 2976 in
786 2911 891 2992 capite
916 2909 973 2990 85,
1003 2912 1034 2976 in
1059 2911 1191 2992 quibus,
1221 2911 1328 2976 nescio
1427 2912 1431 2917 “

291 3034 332 3082 an
355 3014 468 3080 lectori
481 3013 675 3096 probaturus
698 3013 767 3096 sim,
790 3013 989 3080 Herodotum
1004 3013 1140 3078 duorum
1163 3018 1328 3078 auctorum

290 3117 493 3186 sanationes
513 3120 579 3182 tam
601 3116 809 3198 neglegenter
830 3115 1030 3198 confudisse,
1059 3120 1095 3181 ut
1125 3116 1206 3182 satis
1227 3115 1329 3180 multa

291 3219 485 3289 contristeris
515 3218 633 3286 indicia
661 3218 872 3300 relinqueret,
901 3218 1015 3301 quibus
1043 3218 1140 3284 innisi
1169 3238 1236 3285 rem
1268 3237 1328 3284 nos

292 3325 567 3392 demonstraturos
590 3339 664 3390 esse
686 3320 882 3388 confidimns.
926 3322 1053 3388 Etenim
1076 3340 1146 3389 cum
1162 3322 1330 3388 inciderint

290 3426 361 3506 loci,
384 3425 469 3507 qood
492 3424 621 3506 saepius
644 3424 765 3506 evenit,
798 3425 913 3506 quibus
936 3442 1007 3491 cum
1029 3425 1225 3507 semetipso
1246 3427 1328 3490 adeo

291 3528 443 3596 dissentit
464 3528 664 3609 Herodotus,
694 3533 730 3593 ut
751 3547 804 3593 res
835 3529 942 3594 sanari
972 3528 1060 3594 nullo
1092 3529 1187 3594 modo
1216 3527 1330 3610 possit,

292 3631 369 3713 qnid
399 3631 505 3712 aliud,
528 3648 665 3713 quaeso,
698 3637 748 3698 est
770 3633 1001 3698 statuendam?
1044 3634 1150 3713 Atque
1174 3632 1246 3697 side
1271 3633 1329 3697 do-

292 3741 441 3802 cumenta
464 3734 643 3802 sententiae
666 3735 815 3800 nostrast
847 3734 997 3816 Primum,
1023 3737 1056 3800 in
1080 3734 1240 3816 capite48
1256 3753 1330 3800 nar-

292 3842 382 3901 ratnr
394 3834 541 3916 Croesus
564 3854 634 3901 cum
651 3839 763 3902 eodem
779 3843 924 3919 tempore
939 3837 1064 3903 litteras
1080 3855 1199 3922 omnes,
1215 3838 1330 3919 quibus

291 3939 433 4020 deorum,
454 3957 534 4021 qnos
557 3939 692 4021 adierat,
713 3940 852 4006 omnium
875 3959 1032 4022 responsa
1055 3941 1208 4007 mandata
1229 3944 1330 4021 erant,

291 4041 491 4126 resignasset
513 4043 607 4110 nnius
631 4043 789 4126 Apollinis
816 4043 961 4126 Delphici
984 4062 1173 4126 responsum
1196 4061 1259 4109 non
1281 4062 1332 4112 re·

293 4145 421 4230 spuisse
436 4146 503 4228 sed,
524 4146 731 4228 persuasisse.
742 4147 804 4212 sibi
819 4147 889 4213 eius
904 4146 1067 4213 oraculum
1082 4147 1184 4214 solum
1199 4146 1331 4234 dignum
