3120 4888
524 441 839 539 '-3u-

213 641 296 709 enim
320 643 502 727 scripsisset
523 645 565 724 ΙΙ,
584 645 645 710 142
667 643 758 729 γενεὰ
781 640 907 732 ἀνδρῶν
927 647 1017 732 τρεῖς
1038 641 1152 712 ἑαυτὸν
1173 639 1247 713 ἔτεα

212 742 302 810 ἐστιν
323 751 356 810 et
377 747 402 826 I,
426 742 673 833 ἸἩρακλεῖδαι
694 796 703 813 .
724 797 731 813 .
753 798 761 812 .
781 798 789 813 .
813 741 970 834 ἔρξαντες
991 743 1051 832 μὲν
1073 746 1132 814 ἐπὶ
1154 745 1247 815 diuae

212 845 269 912 καὶ
290 841 397 913 εἴκοσι
425 848 535 933 γενεὰς
564 843 690 935 ἀνδρῶν
721 844 796 916 ἔτεα
818 848 917 916 πέντε
949 847 1006 916 καὶ
1035 846 1246 933 πεντακόσια,

212 949 273 1015 uisi
306 969 411 1016 rerum
441 954 642 1035 memoriam,
679 955 943 1037 quemadmodum
975 973 1045 1019 eam
1078 959 1246 1036 occeperat

212 1071 340 1119 servare
363 1055 502 1136 cupiens,
524 1073 709 1122 eonsensum
733 1057 871 1122 loooruin
894 1055 1093 1139 neglexisset.
1136 1056 1247 1139 Neque

212 1154 272 1220 hoe
294 1175 355 1221 uno
378 1160 504 1222 tantum
533 1157 603 1223 loco
630 1159 813 1225 Herodotus
842 1159 960 1226 oblitus
982 1165 1046 1240 est,
1078 1177 1112 1226 se
1141 1160 1245 1241 ipsum

213 1258 368 1324 calculum
398 1261 544 1341 posuisse
573 1261 637 1327 tria
665 1261 827 1328 hominum
857 1281 974 1344 genera
1005 1264 1099 1327 unius
1128 1261 1247 1328 saeculi

211 1359 327 1426 finibus
350 1363 524 1443 terminari,
547 1365 665 1429 etenim
687 1364 741 1446 IV,
767 1365 828 1431 163
850 1364 1001 1446 aPythia
1023 1363 1248 1446 pronuntiatur

214 1463 376 1529 Battiaois
404 1465 500 1531 haec:
533 1462 592 1531 ἐπὶ
612 1465 673 1550 μὲν
700 1464 863 1553 τέσσερας
879 1460 1027 1544 Βᾶττους
1055 1463 1113 1531 καὶ
1129 1458 1247 1552 Ἀρκε-

48 1609 52 1618 ·
147 1651 153 1660 ι
213 1562 329 1643 σίλειυς
350 1563 507 1655 τέσσερας
529 1561 614 1635 ὀκτώ
637 1562 763 1654 ἀνδρῶν
782 1567 894 1653 γενεὰς
914 1567 1004 1634 διδοῖ
1025 1563 1102 1653 ὑμῖν
1116 1563 1247 1654 Λοξίης

211 1665 393 1753 βασιλεύειν
416 1665 571 1758 Κυρήνης,
596 1673 710 1753 quibus
733 1671 869 1738 efficitur
892 1677 937 1754 ut,
961 1690 1032 1737 eum
1048 1669 1247 1736 Arcesilaum

212 1778 372 1853 quartum,
395 1775 484 1839 ouius
505 1775 617 1841 laudes
638 1775 797 1841 Pindarus
819 1775 935 1840 cecinit
957 1772 1066 1856 (Pyth.
1087 1773 1133 1839 IV
1148 1778 1181 1838 et
1195 1773 1247 1852 V),

212 1894 294 1940 anno
316 1875 381 1940 464
402 1897 431 1943 ο.
455 1877 529 1944 Chr.
551 1896 701 1960 regnasse
723 1882 858 1960 constet,
881 1876 1003 1960 Cyrene
1024 1876 1109 1943 circo
1130 1893 1247 1964 annum

213 1978 276 2042 730
298 1997 327 2042 a.
351 1978 425 2045 Chr.
455 1981 585 2046 condita
615 1999 684 2046 esse
713 1981 873 2046 credatur.
924 1980 1078 2046 Attamen
1108 1995 1179 2043 curn
1208 1996 1248 2042 ne

210 2079 365 2146 Herodoti
396 2084 525 2165 quidem
559 2084 629 2149 dies
660 2101 848 2165 supremus,
887 2100 981 2166 quem
1014 2081 1098 2146 circa
1129 2095 1248 2144 annum

211 2182 275 2250 428
298 2183 398 2250 obiise
420 2185 508 2251 visus
529 2193 578 2252 est
599 2185 745 2269 pluribus
767 2185 986 2262 recentiorum,
1009 2183 1049 2249 ab
1072 2200 1163 2262 anuo,
1186 2199 1247 2263 quo

212 2286 334 2352 colonia
357 2287 571 2354 Theraeorum
601 2290 633 2355 in
656 2288 791 2371 Libyam
821 2289 919 2354 dueta
948 2304 1018 2352 esse
1040 2285 1134 2366 vulgo
1165 2284 1248 2348 dice·

213 2388 368 2471 batur¹),
400 2398 471 2456 octo
493 2409 611 2473 genera
641 2392 801 2456 hominum
831 2427 874 2438 -
902 2391 1054 2456 ducentos
1082 2387 1248 2468 sexaginta

213 2495 334 2572 septem
356 2512 455 2559 annos
477 2531 519 2542 -
541 2493 687 2574 abesset,
710 2494 806 2559 etiam
829 2493 889 2559 boc
910 2492 980 2559 loco
1001 2488 1154 2556 vocabulo
1176 2509 1248 2572 „ye-

213 2586 286 2679 νιή“
308 2613 368 2659 σου
389 2597 551 2677 propriam
579 2596 665 2661 iliam
687 2596 751 2663 vim
774 2595 919 2671 subesse,
949 2611 1043 2676 quam
1066 2591 1248 2657 Herodotus

212 2697 242 2761 ei
263 2696 306 2778 11,
330 2698 392 2762 142
413 2699 545 2781 tribuit,
568 2698 770 2765 manifestum
793 2703 851 2764 est.
896 2695 1118 2778 conparanda
1139 2698 1247 2759 autem

212 2804 287 2865 suut
319 2801 417 2866 verba
444 2802 561 2883 eapitis
583 2802 624 2867 98
654 2801 727 2866 libri
757 2801 903 2866 secundi:
936 2796 996 2864 ἐπὶ
1022 2796 1082 2883 γὰρ
1105 2797 1248 2881 Δαρεῖον

212 2905 270 2967 τοῦ
292 2897 498 2981 Ὑστάσπεος
519 2902 576 2969 καὶ
597 2900 728 2988 Ξέρξεω
750 2905 807 2967 τοῦ
830 2897 972 2986 Δαρείου
993 2896 1049 2964 καὶ
1066 2891 1247 2985 Ἀρταξέρ-

214 3005 277 3086 ξεω
299 3009 356 3070 τοῦ
378 3002 523 3093 Ξέρξεω,
547 3009 645 3092 τριῶν
666 3000 789 3070 τούτων
812 3001 931 3092 ἐπεξῆς
952 2998 1099 3088 γενεέων,
1122 2996 1247 3084 ἐγένετο

212 3109 342 3190 κ.τ.λ.,·
363 3111 479 3176 etenim
502 3130 573 3177 oum
597 3111 731 3176 Darium
754 3127 836 3175 anno
856 3107 919 3174 521
936 3126 965 3172 a.
980 3106 1054 3173 Chr.
1077 3120 1248 3183 occupasse

211 3229 362 3294 regnum,
395 3214 603 3279 Artaxerxem
634 3233 716 3280 anno
738 3213 802 3278 424
824 3216 881 3278 out
901 3209 966 3277 425
997 3211 1158 3273 mortuum
1179 3221 1248 3270 esse

212 3333 303 3380 nemo
327 3316 464 3398 nesciat,
494 3316 553 3382 hoe
576 3315 672 3381 etiam
695 3315 790 3380 tertio
812 3314 880 3379 loco
901 3311 1100 3378 Herodotum
1123 3311 1248 3373 senteu-

213 3418 279 3482 tiae
308 3435 385 3482 suae
417 3419 552 3501 triginta
581 3422 649 3484 tres
684 3434 783 3483 annos
819 3415 912 3482 unius
946 3411 1092 3499 ,,γενεῆς“
1126 3409 1249 3475 ambitu

213 3519 437 3601 comprehendi
460 3541 520 3586 non
543 3521 722 3587 meminisse
744 3519 910 3586 cemimus.
964 3515 1043 3582 (ium
1065 3512 1165 3594 igitur
1185 3530 1248 3578 uno

212 3622 309 3687 verbo
331 3618 459 3706 ,,γενεν’“
488 3625 570 3689 duas
598 3641 649 3689 res
671 3620 843 3706 significari
866 3625 1013 3702 apertum
1035 3617 1080 3684 sit
1108 3651 1151 3664 -
1184 3618 1249 3679 ter·

213 3726 292 3791 tiam
306 3733 431 3808 partem
446 3727 566 3793 saeculi
580 3726 675 3792 unius
693 3733 726 3792 et
741 3742 904 3804 annorum,
925 3741 983 3805 per
998 3737 1077 3805 quos
1092 3735 1148 3784 rex
1162 3717 1248 3800 quis·

301 3971 331 4048 1)
354 3969 439 4028 Intro
460 3989 569 4027 annum
595 3972 655 4028 660
679 3972 709 4027 et
730 3973 810 4041 6403
833 3985 958 4046 quorum
981 3983 1125 4023 annorum
1148 3961 1249 4022 termi-

213 4075 271 4114 nus
293 4054 349 4115 etsi
379 4075 441 4113 non
471 4057 509 4113 ab
540 4053 676 4113 omnibus
704 4052 777 4113 viris
808 4052 901 4112 doctis
931 4049 1055 4127 perinde
1083 4066 1137 4125 pro
1166 4050 1248 4105 recto

214 4141 347 4214 habetur,
370 4141 473 4216 procul
497 4140 660 4203 avertente
683 4158 743 4198 non
765 4137 863 4198 distet.
939 4167 942 4176 v
