3120 4888
730 449 944 514 ..33-

310 637 372 703 qne
393 624 595 703 regnaverat,
617 637 775 686 summam
795 653 838 666 -
860 618 943 685 ratio
967 619 1057 686 nobis
1080 620 1263 700 quaerenda
1284 622 1348 698 est,

309 742 405 806 qnam
427 723 609 789 Herodotus
630 722 721 807 sequi
742 722 874 804 solebat,
896 739 969 788 cum
990 723 1053 789 isto
1074 727 1220 788 uteretur
1240 720 1346 787 verbo.

309 824 419 906 Neque
435 822 564 894 difficile
578 831 629 892 est
643 843 713 892 eam
728 825 880 906 invenire,
903 842 974 891 cnm
989 824 1070 890 adeo
1092 843 1142 889 res
1164 824 1286 890 eluceat
1307 842 1347 888 ex

310 927 387 992 locis
401 928 494 992 modo
513 927 679 1010 appositis,
701 933 738 993 ut
753 927 879 1008 longam
895 927 1069 994 orationem
1092 945 1153 992 non
1177 927 1345 992 desideret.

310 1029 364 1096 Sic
384 1029 485 1111 igitur
506 1034 627 1094 statuo:
663 1029 748 1112 apud
771 1027 969 1097 Herodotum
1001 1047 1072 1095 cnm
1103 1030 1145 1094 nd
1167 1036 1346 1111 temporum
1406 1117 1410 1122 Ι

309 1131 423 1198 seriem
446 1132 591 1213 respicit,
622 1130 775 1198 vocabulo
796 1125 885 1219 γενεή
916 1137 1006 1197 aetas
1027 1130 1182 1210 hominis,
1212 1132 1252 1196 de
1283 1147 1347 1212 qno

309 1233 408 1300 rerba
435 1232 530 1317 iacit,
567 1233 845 1328 comprehenditur
874 1239 909 1300 et
942 1234 1006 1302 tria
1038 1233 1199 1301 hominnm
1229 1251 1347 1316 genera

309 1355 408 1402 unum
431 1336 593 1404 saeculnm
609 1336 759 1418 amplecti
775 1342 940 1418 putantur,
962 1337 995 1402 in
1010 1355 1121 1418 regum
1136 1343 1244 1402 autem
1265 1339 1347 1400 tem·

310 1439 441 1520 poribus
463 1440 635 1506 reddendis
665 1433 756 1526 γενεή
777 1437 965 1506 vocabulum
995 1438 1081 1506 valet
1103 1456 1267 1504 nnmerum
1289 1457 1347 1502 an-

310 1560 438 1621 norum,
466 1561 525 1625 per
555 1559 633 1625 qnos
655 1560 710 1607 rex
732 1541 866 1624 quisque
887 1541 1055 1623 imperium
1078 1541 1222 1622 tenebat,
1252 1539 1347 1605 modo

311 1643 476 1725 contingat
506 1650 544 1710 ut
564 1662 665 1710 annus
697 1662 760 1727 quo
782 1643 916 1728 quisque
939 1663 1072 1726 regnare
1094 1643 1254 1725 coeperit,
1283 1660 1348 1726 qun
1409 1631 1413 1636 ’

311 1747 451 1826 desierit,
467 1752 615 1816 accurate
629 1747 759 1812 sciatur.
793 1747 895 1826 Quam
911 1765 977 1810 rem
993 1748 1040 1812 ita
1056 1763 1124 1812 esse
1139 1746 1166 1812 si
1182 1745 1260 1810 mihi
1275 1763 1348 1811 con-

311 1850 462 1932 cesseris,
490 1847 561 1914 fieri
592 1867 653 1915 non
676 1849 797 1929 poterit
823 1849 899 1930 quin
929 1850 1083 1915 concedas
1114 1850 1247 1930 petitam
1277 1864 1348 1912 esse

311 1970 484 2031 annorum,
517 1970 575 2033 per
604 1969 684 2034 quos
705 1950 897 2016 Heraclidae
919 1950 1018 2033 Lydis
1039 1949 1216 2033 praefuisse
1237 1949 1348 2016 trade-

310 2053 436 2134 bantur,
459 2073 613 2122 summam
636 2072 675 2119 ex
697 2071 808 2136 regum
830 2053 1003 2136 Lydiorum
1027 2059 1205 2133 stemmate,
1227 2053 1260 2118 in
1282 2069 1347 2134 quo

310 2160 435 2222 aetates
456 2174 579 2239 regum,
600 2157 793 2222 mutationes
815 2157 1004 2239 principum,
1027 2157 1131 2239 gentis
1151 2156 1246 2222 initia
1266 2154 1347 2220 alia-

312 2277 373 2340 que
395 2258 514 2326 similia
535 2259 639 2325 relata
660 2264 766 2339 erant,
789 2277 921 2342 quorum
944 2259 1093 2325 nonnulla
1114 2259 1161 2324 eis
1182 2258 1259 2324 locis
1280 2275 1348 2322 ser-

311 2365 388 2428 rata
408 2379 478 2426 esse
499 2361 664 2441 ridemur,
686 2361 801 2445 quibus
830 2363 871 2428 da
892 2360 989 2441 Mele,
1012 2361 1234 2442 antiquissimo
1261 2377 1348 2441 rege,

311 2463 458 2530 Sardium
479 2460 568 2530 urbis
590 2464 771 2544 conditore,
801 2465 841 2530 de
864 2463 1023 2547 Lydorum
1047 2469 1080 2530 et
1102 2462 1346 2529 Heraclidarum

311 2566 487 2649 originibus
501 2571 664 2648 narratum
686 2567 874 2646 praesertim
898 2584 968 2632 cnm
985 2566 1140 2648 suscipari
1154 2580 1348 2648 nequeamus

312 2675 380 2736 tam
402 2669 561 2752 copiosas,
592 2669 774 2751 exquibus
806 2667 974 2734 memorias
1003 2669 1076 2734 illas
1108 2669 1242 2734 haustas
1274 2683 1348 2732 esse

311 2769 576 2838 verisimillimum
599 2777 664 2854 est,
696 2772 894 2838 narrationes
916 2772 956 2836 de
979 2771 1203 2838 vetustissimis
1225 2768 1347 2853 Lydiae

312 2873 509 2955 temporibus
531 2872 595 2940 iam
617 2879 686 2939 tnm
707 2875 795 2955 apud
818 2874 957 2942 Graecos
979 2891 1047 2940 essa
1070 2873 1281 2940 circumlatas.
1303 2906 1347 2918 -
1463 2943 1469 2955 ,

311 2976 382 3042 Hac
403 2976 436 3040 in
468 2977 695 3043 retractanda
725 2981 896 3059 propterea
927 2977 1051 3043 tamdiu
1081 2979 1199 3044 versati
1228 2993 1347 3057 sumus,

312 3079 389 3160 quia
410 3077 472 3144 huc
493 3077 694 3144 referendum
724 3085 791 3160 est,
820 3080 902 3162 quod
936 3097 1033 3161 supra
1063 3077 1349 3146 demonstravimus

312 3180 477 3248 Xanthum
504 3179 643 3264 Lydium
683 3181 831 3248 habuisse
868 3181 995 3248 tabulas
1035 3199 1146 3264 regum
1175 3181 1347 3264 Lydorum,

313 3284 429 3366 quibus
451 3283 526 3350 anni
547 3283 726 3365 principum
754 3289 787 3349 et
815 3301 866 3351 res
889 3303 909 3350 a
929 3283 1030 3368 Lydis
1051 3285 1215 3366 praeclare
1236 3289 1348 3365 gestae

313 3387 539 3469 proderentur;
560 3387 602 3450 ad
624 3384 704 3452 haec
726 3386 753 3452 si
768 3387 932 3452 addideris
954 3387 1038 3468 quod
1060 3388 1101 3452 de
1115 3405 1269 3454 consemu
1290 3405 1348 3452 an·

314 3496 435 3556 ciorum
458 3507 555 3569 snpra
575 3489 787 3572 exposuimus,
811 3507 912 3556 nonne
926 3489 1087 3556 videbitur
1109 3489 1169 3556 tibi
1183 3489 1349 3571 probabile

314 3609 392 3671 esse,
413 3589 568 3656 eXantbi
589 3589 679 3656 libris
699 3609 865 3658 nnmerum
887 3610 1051 3673 annorum,
1073 3611 1131 3674 per
1152 3610 1231 3674 qnos
1246 3591 1349 3658 Hera·
1446 3654 1451 3660 .

313 3694 414 3762 elidas
436 3691 536 3776 Lydis
556 3691 731 3774 imperasse
753 3693 922 3776 scriberet,
949 3694 1148 3761 Herodotum
1177 3695 1241 3761 sibi
1261 3714 1349 3762 sum-

313 3795 373 3862 siss
399 3797 416 3862 l

374 3815 468 3963 eIam
491 3916 566 3962 vero
587 3899 730 3964 venimus
752 3897 794 3964 ad
816 3899 981 3983 utriusque
1002 3901 1168 3983 scriptoris
1190 3901 1350 3967 narratio·

314 4020 371 4069 nes
401 4003 442 4066 de
472 4000 575 4083 primo
603 4001 807 4068 Mermnadae
836 4003 947 4088 stirpis
978 4004 1138 4087 Lydorum
1170 4024 1261 4088 rege,
1292 4007 1350 4088 qui

314 4104 493 4172 Heraclidis
514 4123 648 4187 regnum
669 4105 799 4190 ademit,
821 4144 863 4156 —
886 4109 926 4174 de
948 4107 1039 4191 Gyge
1061 4107 1281 4188 conferendas,
1305 4110 1350 4174 ad
