3120 4888
707 493 922 559 ,46-

293 665 412 730 moriae
444 669 606 746 tamquam
634 663 823 730 retinendae
855 680 953 729 causa
983 662 1080 743 elegit
1093 661 1142 748 ¹),
1175 679 1256 744 quae
1289 661 1331 725 ad

293 767 486 832 Graecorum
510 784 562 831 res
584 765 790 847 pertinerent,
812 783 914 847 eaque
936 783 976 829 ne
1000 765 1126 831 abunde
1147 765 1252 830 relata
1271 764 1332 828 ite-

293 887 363 934 rum
385 869 504 936 referre
525 869 689 935 videretur
719 887 806 933 more
837 868 999 933 annalium
1029 867 1208 948 composita
1228 865 1331 931 tribus

294 973 326 1038 in
348 972 413 1038 illis
435 971 594 1053 capitibus
616 970 688 1036 libri
710 969 805 1051 primi
828 969 878 1051 lb,
906 971 952 1052 16,
974 969 1017 1035 25
1040 967 1245 1034 enumeravit.

377 1075 525 1140 Inclusae
547 1078 623 1138 sunt
636 1075 720 1138 inter
735 1072 841 1154 capita
859 1074 898 1139 16
915 1078 947 1137 et
961 1071 1003 1138 25
1026 1071 1226 1136 narrationes
1248 1071 1332 1134 dnae

294 1176 463 1241 admodum
480 1176 644 1256 verbosae,
666 1194 800 1256 quarum
823 1175 956 1240 alteram
980 1176 1019 1240 de
1035 1175 1153 1239 Arione
1176 1173 1332 1254 Methym-

294 1296 381 1344 naeo
407 1280 469 1360 (cp.
489 1277 598 1362 telae)
631 1296 701 1342 corn
724 1279 766 1342 ad
788 1277 987 1359 propositum
1009 1282 1154 1342 nostrum
1176 1291 1333 1356 peragen-

295 1381 370 1445 dum
391 1381 470 1444 nihil
491 1381 615 1459 nalem,
645 1380 776 1446 missam
793 1379 947 1444 faciamus
970 1380 1062 1459 licet,
1093 1378 1225 1443 alteram
1255 1394 1332 1441 vero

295 1487 335 1548 de
359 1482 496 1565 Alyattis
520 1490 632 1548 contra
655 1482 796 1548 Milesios
826 1481 910 1546 bello
940 1481 1170 1564 expositionem
1198 1497 1234 1544 eo
1262 1478 1334 1542 dili-

295 1585 421 1666 gentius
445 1584 658 1650 examinemus
682 1589 825 1666 oportet,
856 1603 918 1666 quo
948 1584 1049 1664 magis
1071 1581 1241 1664 splendida
1262 1599 1333 1645 ora·

295 1688 340 1752 tio
364 1693 396 1752 et
418 1688 562 1768 copiosa,
586 1705 649 1769 qua
671 1687 732 1752 hoc
754 1687 824 1752 loco
847 1687 949 1752 utitur
971 1686 1173 1764 Herodotus,
1202 1683 1334 1748 recedat

296 1789 494 1854 abrevitate
517 1789 651 1870 dicendi,
673 1807 736 1871 qua
759 1794 812 1854 est
832 1789 863 1854 in
881 1789 1007 1870 Ardyis,
1025 1787 1174 1871 Alyattis,
1197 1786 1336 1866 Sadyat·

296 1890 339 1955 tis
361 1891 457 1957 rebus
478 1891 657 1957 narrandis.
709 1892 788 1956 Eam
819 1910 857 1956 ex
880 1892 1074 1956 Graecorum
1097 1888 1258 1954 memoriis
1288 1886 1335 1952 el·

295 1991 426 2058 fluxisse
448 1993 535 2058 haud
556 1992 679 2058 levibus
710 2011 787 2058 sane
810 1995 1007 2074 argumentis
1035 1993 1162 2058 innixus
1184 1993 1220 2056 O.
1242 1990 1334 2056 Nitr-

297 2095 404 2161 schius
421 2095 556 2161 coniecit
568 2099 615 2178 ²),
632 2115 734 2178 neque
749 2094 818 2161 fieri
833 2100 950 2178 potest,
972 2096 1047 2178 quin
1071 2095 1099 2160 ei
1115 2095 1336 2173 concedamus,

296 2197 399 2263 multa
428 2197 460 2262 in
491 2198 556 2264 ista
577 2197 652 2263 belli
675 2199 895 2281 descriptione
912 2199 1044 2264 Graecis
1075 2196 1258 2262 auctoribus
1280 2195 1335 2260 de-

296 2301 381 2380 beri,
413 2317 483 2364 cnm
505 2300 576 2381 ipse
597 2299 782 2366 Herodotus
805 2301 958 2366 nonnulla
987 2320 1023 2366 se
1046 2320 1066 2366 a
1087 2299 1222 2380 Delphis
1253 2302 1286 2363 et
1314 2316 1336 2362 a

296 2403 430 2468 Milesiis
447 2402 610 2468 audiusse
631 2403 663 2467 in
680 2403 785 2485 capite
801 2403 844 2468 22
860 2403 1064 2485 profiteatur;
1087 2401 1232 2485 quamvis
1255 2401 1335 2464 haec

296 2506 432 2571 maxime
454 2506 496 2578 ad
519 2505 701 2586 oraculum,
724 2506 811 2587 quod
833 2507 874 2571 de
897 2505 1037 2588 Alyattis
1059 2505 1169 2570 morbo
1193 2503 1335 2569 edidisse

297 2607 427 2688 Apollo,
449 2609 546 2688 etad
567 2608 709 2689 litteras,
732 2627 813 2690 quas
836 2607 1072 2691 Thrasybulus,
1102 2607 1205 2674 Mileti
1226 2611 1335 2687 tyran-

300 2727 503 2738 ————.

386 2780 415 2860 1)
438 2780 522 2839 Nihil
543 2782 643 2856 refert,
666 2801 732 2840 mea
754 2782 874 2862 quidem
896 2781 1054 2855 sententia,
1077 2782 1155 2860 quod
1179 2783 1257 2857 apud
1278 2780 1334 2840 Ni·

298 2865 350 2925 ool.
366 2866 398 2924 in
413 2866 449 2924 fr.
468 2871 505 2924 61
523 2867 663 2942 legimus:
687 2860 864 2944 Σαδυάττης
879 2859 897 2925 ὅ
913 2863 1026 2925 Λυδῶν
1042 2859 1190 2942 βασιλεῦς,
1210 2858 1333 2924 Ἀλυάτ-

299 2969 353 3008 τεω
376 2954 447 3020 παῖς
468 2959 499 3012 et
520 2953 597 3028 apud
621 2952 806 3012 Herodotum
828 2953 861 3025 Ι,
887 2958 924 3011 16
948 2947 1125 3034 Σαδυάττης
1153 2943 1172 3010 o‘
1185 2943 1333 3030 ’Ἀρδυοςς

300 3036 438 3115 equidem
460 3056 521 3095 non
544 3037 646 3096 dubito
671 3042 801 3098 statuero
823 3056 923 3096 errore
945 3037 1059 3096 librarii
1081 3039 1191 3096 factum
1215 3055 1277 3096 esse
1299 3041 1335 3096 ut

301 3141 355 3198 pro
379 3121 498 3190 nomine
520 3122 646 3200 Ardyis,
677 3123 771 3198 patris
793 3123 957 3200 Sadyattis,
979 3142 1087 3182 nomen
1109 3122 1256 3200 Alyattis,
1278 3121 1335 3180 filii

300 3207 465 3285 sadyates,
496 3207 684 3267 scriberetur.
735 3207 932 3271 Quamobrem
966 3207 1056 3268 miror
1085 3208 1233 3283 Floiglum
1265 3209 1335 3285 (Cy-

298 3313 350 3352 rus
372 3313 401 3352 u.
424 3293 560 3354 Herodot
589 3313 618 3369 p.
644 3293 716 3370 134)
746 3295 797 3374 qui
820 3313 922 3371 parum
946 3298 1081 3354 accurate
1103 3293 1259 3352 Nicolaum
1287 3293 1335 3352 in·

299 3379 432 3454 spexisse
454 3379 587 3452 videtur,
618 3398 684 3436 oum
714 3380 750 3438 ab
781 3399 815 3438 eo
839 3399 892 3438 sex
914 3398 998 3455 reges
1021 3379 1122 3455 stirpis
1144 3379 1335 3437 Mermnadae

299 3464 446 3522 nominari
477 3464 600 3522 diceret:
633 3463 762 3540 Gygem,
792 3465 924 3540 Ardym,
956 3465 1120 3542 Alyattem,
1154 3464 1335 3542 Scdyattom,

299 3549 458 3625 Alyattem,
482 3549 629 3621 Croesum,
653 3549 770 3608 nescius
785 3549 897 3609 scilicet
913 3551 1029 3627 Ardyis,
1054 3549 1146 3627 Gygis
1164 3549 1227 3622 filii,
1250 3549 1334 3608 nullo

298 3634 363 3694 loco
385 3633 418 3692 in
440 3633 556 3692 Nicolai
578 3633 752 3710 fragmentis
773 3634 954 3694 mentionem
976 3635 1050 3694 fieri.
1103 3635 1212 3714 Itaque
1234 3635 1259 3692 si
1282 3653 1336 3692 ne-

301 3738 371 3794 gare
392 3719 488 3779 voluit
509 3718 697 3794 neglegentia
718 3720 831 3778 librarii
848 3720 1033 3780 commissum
1056 3739 1128 3792 esse,
1152 3723 1186 3780 ut
1207 3739 1260 3796 pro
1275 3722 1337 3780 Ar-

300 3807 358 3882 dye
378 3804 510 3882 Alyattis
531 3823 639 3863 nomen
662 3808 843 3877 traderetur,
874 3807 954 3865 hunc
976 3812 1074 3865 tamen
1097 3825 1200 3882 regum
1222 3805 1335 3883 Lydio-

301 3910 368 3949 rum
390 3890 523 3948 ordimem
551 3890 713 3949 aNicolao
744 3896 891 3951 servatum
921 3910 985 3950 esse
1007 3909 1167 3966 agnoscere
1190 3892 1333 3950 debebat:

301 3975 409 4053 Gyges,
431 3975 575 4051 Alyattes,
599 3976 761 4053 Sadyattes,
785 3976 930 4054 Alyattos,
952 3977 1085 4036 Croesus.

387 4061 419 4139 2)
441 4060 682 4138 Abhandlungen
697 4063 771 4122 iiber
785 4062 929 4122 Herodot.
970 4061 1113 4122 Bielefeld
1133 4062 1223 4121 1873.
1259 4061 1335 4121 Pro·

301 4166 422 4228 gramm.
