<?xml version="1.0" encoding="UTF-8"?>
<!DOCTYPE html PUBLIC "-//W3C//DTD XHTML 1.0 Transitional//EN"
    "http://www.w3.org/TR/xhtml1/DTD/xhtml1-transitional.dtd">
<html xmlns="http://www.w3.org/1999/xhtml" xml:lang="en" lang="en">
 <head>
  <title>
</title>
<meta http-equiv="Content-Type" content="text/html;charset=utf-8" />
  <meta name='ocr-system' content='tesseract 3.04.00' />
  <meta name='ocr-capabilities' content='ocr_page ocr_carea ocr_par ocr_line ocrx_word'/>
</head>
<body>
  <div class='ocr_page' id='page_1' title='image "./dexanthoetherod00pomtgoog_0035.png"; bbox 0 0 3120 4888; ppageno 0'>
   <div class='ocr_carea' id='block_1_1' title="bbox 714 471 928 542">
    <p class='ocr_par' dir='ltr' id='par_1_1' title="bbox 714 471 928 542">
     <span class='ocr_line' id='line_1_1' title="bbox 714 471 928 542; baseline 0 -20"><span class='ocrx_word' id='word_1_1' title='bbox 714 471 928 542; x_wconf 64' lang='lat'>‚23-</span> 
     </span>
    </p>
   </div>
   <div class='ocr_carea' id='block_1_2' title="bbox 285 635 1345 4006">
    <p class='ocr_par' dir='ltr' id='par_1_2' title="bbox 306 635 1341 1035">
     <span class='ocr_line' id='line_1_2' title="bbox 308 635 1341 730; baseline 0.003 -23"><span class='ocrx_word' id='word_1_2' title='bbox 308 639 371 730; x_wconf 80' lang='grc' dir='ltr'>φὴν</span> <span class='ocrx_word' id='word_1_3' title='bbox 393 635 431 708; x_wconf 82' lang='grc' dir='ltr'>οὐ</span> <span class='ocrx_word' id='word_1_4' title='bbox 451 638 541 728; x_wconf 81' lang='grc' dir='ltr'><strong><em>μάλα</em></strong></span> <span class='ocrx_word' id='word_1_5' title='bbox 564 638 628 725; x_wconf 56' lang='lat' dir='ltr'>iper</span> <span class='ocrx_word' id='word_1_6' title='bbox 649 666 679 708; x_wconf 81' lang='lat' dir='ltr'>a.</span> <span class='ocrx_word' id='word_1_7' title='bbox 695 667 723 709; x_wconf 80' lang='lat' dir='ltr'>c.</span> <span class='ocrx_word' id='word_1_8' title='bbox 738 644 766 710; x_wconf 87' lang='grc' dir='ltr'>λ.</span> <span class='ocrx_word' id='word_1_9' title='bbox 789 644 967 726; x_wconf 82' lang='lat' dir='ltr'>Xanthum,</span> <span class='ocrx_word' id='word_1_10' title='bbox 996 645 1098 711; x_wconf 85' lang='lat' dir='ltr'>mnlta</span> <span class='ocrx_word' id='word_1_11' title='bbox 1120 644 1279 713; x_wconf 88' lang='lat' dir='ltr'>mirabilia</span> <span class='ocrx_word' id='word_1_12' title='bbox 1301 645 1341 711; x_wconf 91' lang='lat' dir='ltr'>de</span> 
     </span>
     <span class='ocr_line' id='line_1_3' title="bbox 306 746 1340 830; baseline 0.005 -21"><span class='ocrx_word' id='word_1_13' title='bbox 306 747 469 828; x_wconf 85' lang='lat' dir='ltr'><strong>Lydorum</strong></span> <span class='ocrx_word' id='word_1_14' title='bbox 496 752 584 813; x_wconf 91' lang='lat' dir='ltr'>terra</span> <span class='ocrx_word' id='word_1_15' title='bbox 614 747 810 829; x_wconf 79' lang='lat' dir='ltr'>tradentem,</span> <span class='ocrx_word' id='word_1_16' title='bbox 841 746 1015 830; x_wconf 82' lang='lat' dir='ltr'>perstringi</span> <span class='ocrx_word' id='word_1_17' title='bbox 1044 747 1225 830; x_wconf 89' lang='lat' dir='ltr'>suspicatus</span> <span class='ocrx_word' id='word_1_18' title='bbox 1254 755 1340 828; x_wconf 90' lang='lat' dir='ltr'>erat;</span> 
     </span>
     <span class='ocr_line' id='line_1_4' title="bbox 307 848 1340 931; baseline 0.004 -19"><span class='ocrx_word' id='word_1_19' title='bbox 307 867 442 931; x_wconf 88' lang='lat' dir='ltr'>namque</span> <span class='ocrx_word' id='word_1_20' title='bbox 472 848 533 916; x_wconf 87' lang='lat' dir='ltr'>sibi</span> <span class='ocrx_word' id='word_1_21' title='bbox 554 867 740 931; x_wconf 88' lang='lat' dir='ltr'>persuasum</span> <span class='ocrx_word' id='word_1_22' title='bbox 770 867 839 916; x_wconf 89' lang='lat' dir='ltr'>esse</span> <span class='ocrx_word' id='word_1_23' title='bbox 869 848 919 915; x_wconf 92' lang='lat' dir='ltr'>his</span> <span class='ocrx_word' id='word_1_24' title='bbox 950 850 1029 930; x_wconf 91' lang='lat' dir='ltr'>ipsis</span> <span class='ocrx_word' id='word_1_25' title='bbox 1056 848 1139 915; x_wconf 83' lang='lat' dir='ltr'>ellici</span> <span class='ocrx_word' id='word_1_26' title='bbox 1169 850 1276 917; x_wconf 90' lang='lat' dir='ltr'>verbis</span> <span class='ocrx_word' id='word_1_27' title='bbox 1305 858 1340 916; x_wconf 93' lang='lat' dir='ltr'>ut</span> 
     </span>
     <span class='ocr_line' id='line_1_5' title="bbox 306 950 1297 1035; baseline 0.005 -21"><span class='ocrx_word' id='word_1_28' title='bbox 306 950 429 1018; x_wconf 81' lang='lat' dir='ltr'>Xanthi</span> <span class='ocrx_word' id='word_1_29' title='bbox 451 969 531 1033; x_wconf 88' lang='lat' dir='ltr'>opus</span> <span class='ocrx_word' id='word_1_30' title='bbox 553 950 593 1017; x_wconf 89' lang='lat' dir='ltr'>ah</span> <span class='ocrx_word' id='word_1_31' title='bbox 616 951 778 1018; x_wconf 89' lang='lat' dir='ltr'>Herodoto</span> <span class='ocrx_word' id='word_1_32' title='bbox 802 951 981 1035; x_wconf 83' lang='lat' dir='ltr'>neglectum</span> <span class='ocrx_word' id='word_1_33' title='bbox 1004 969 1075 1018; x_wconf 90' lang='lat' dir='ltr'>esse</span> <span class='ocrx_word' id='word_1_34' title='bbox 1097 954 1297 1019; x_wconf 87' lang='lat' dir='ltr'>sentiremus.</span> 
     </span>
    </p>

    <p class='ocr_par' dir='ltr' id='par_1_3' title="bbox 305 1053 1342 1736">
     <span class='ocr_line' id='line_1_6' title="bbox 391 1053 1341 1138; baseline 0.002 -19"><span class='ocrx_word' id='word_1_35' title='bbox 391 1053 566 1135; x_wconf 89' lang='lat' dir='ltr'>Utriusque</span> <span class='ocrx_word' id='word_1_36' title='bbox 589 1053 649 1120; x_wconf 86' lang='lat' dir='ltr'>viri</span> <span class='ocrx_word' id='word_1_37' title='bbox 671 1054 848 1120; x_wconf 87' lang='lat' dir='ltr'>doctissimi</span> <span class='ocrx_word' id='word_1_38' title='bbox 876 1054 1054 1138; x_wconf 90' lang='lat' dir='ltr'>opinionem</span> <span class='ocrx_word' id='word_1_39' title='bbox 1083 1055 1217 1122; x_wconf 90' lang='lat' dir='ltr'>arbitrio</span> <span class='ocrx_word' id='word_1_40' title='bbox 1239 1056 1341 1138; x_wconf 83' lang='lat' dir='ltr'>magis</span> 
     </span>
     <span class='ocr_line' id='line_1_7' title="bbox 308 1154 1342 1240; baseline 0.001 -17"><span class='ocrx_word' id='word_1_41' title='bbox 308 1175 403 1238; x_wconf 87' lang='lat' dir='ltr'>quam</span> <span class='ocrx_word' id='word_1_42' title='bbox 426 1157 629 1240; x_wconf 84' lang='lat' dir='ltr'>argumentis</span> <span class='ocrx_word' id='word_1_43' title='bbox 644 1156 738 1223; x_wconf 89' lang='lat' dir='ltr'>inniti</span> <span class='ocrx_word' id='word_1_44' title='bbox 760 1164 912 1240; x_wconf 81' lang='lat' dir='ltr'>apparct3</span> <span class='ocrx_word' id='word_1_45' title='bbox 941 1154 1030 1222; x_wconf 91' lang='lat' dir='ltr'>nobis</span> <span class='ocrx_word' id='word_1_46' title='bbox 1053 1175 1137 1239; x_wconf 86' lang='lat' dir='ltr'>vero,</span> <span class='ocrx_word' id='word_1_47' title='bbox 1160 1158 1342 1225; x_wconf 81' lang='lat' dir='ltr'>verentibus</span> 
     </span>
     <span class='ocr_line' id='line_1_8' title="bbox 307 1259 1342 1343; baseline 0.002 -19"><span class='ocrx_word' id='word_1_48' title='bbox 307 1279 346 1325; x_wconf 91' lang='lat' dir='ltr'>no</span> <span class='ocrx_word' id='word_1_49' title='bbox 368 1259 440 1341; x_wconf 92' lang='lat' dir='ltr'>plus</span> <span class='ocrx_word' id='word_1_50' title='bbox 461 1259 525 1326; x_wconf 88' lang='lat' dir='ltr'>illis</span> <span class='ocrx_word' id='word_1_51' title='bbox 546 1259 652 1326; x_wconf 81' lang='lat' dir='ltr'>verbis</span> <span class='ocrx_word' id='word_1_52' title='bbox 674 1259 855 1328; x_wconf 86' lang='lat' dir='ltr'>tribuamus</span> <span class='ocrx_word' id='word_1_53' title='bbox 877 1277 972 1343; x_wconf 91' lang='lat' dir='ltr'>quam</span> <span class='ocrx_word' id='word_1_54' title='bbox 995 1278 1046 1326; x_wconf 93' lang='lat' dir='ltr'>res</span> <span class='ocrx_word' id='word_1_55' title='bbox 1076 1264 1109 1325; x_wconf 94' lang='lat' dir='ltr'>et</span> <span class='ocrx_word' id='word_1_56' title='bbox 1130 1261 1251 1326; x_wconf 82' lang='lat' dir='ltr'>veritas</span> <span class='ocrx_word' id='word_1_57' title='bbox 1272 1261 1342 1343; x_wconf 87' lang='lat' dir='ltr'>ipsa</span> 
     </span>
     <span class='ocr_line' id='line_1_9' title="bbox 306 1360 1340 1453; baseline -0.002 -25"><span class='ocrx_word' id='word_1_58' title='bbox 306 1363 478 1441; x_wconf 88' lang='lat' dir='ltr'>concodat,</span> <span class='ocrx_word' id='word_1_59' title='bbox 510 1360 675 1453; x_wconf 84' lang='lat' dir='ltr'>fatendum</span> <span class='ocrx_word' id='word_1_60' title='bbox 703 1367 756 1428; x_wconf 93' lang='lat' dir='ltr'>est</span> <span class='ocrx_word' id='word_1_61' title='bbox 786 1368 874 1428; x_wconf 90' lang='lat' dir='ltr'>certo</span> <span class='ocrx_word' id='word_1_62' title='bbox 904 1363 979 1431; x_wconf 88' lang='lat' dir='ltr'>sciri</span> <span class='ocrx_word' id='word_1_63' title='bbox 1009 1381 1070 1428; x_wconf 93' lang='lat' dir='ltr'>non</span> <span class='ocrx_word' id='word_1_64' title='bbox 1093 1379 1203 1444; x_wconf 87' lang='lat' dir='ltr'>posse,</span> <span class='ocrx_word' id='word_1_65' title='bbox 1234 1368 1340 1428; x_wconf 92' lang='lat' dir='ltr'>utrum</span> 
     </span>
     <span class='ocr_line' id='line_1_10' title="bbox 305 1463 1341 1548; baseline 0 -18"><span class='ocrx_word' id='word_1_66' title='bbox 305 1463 490 1531; x_wconf 91' lang='lat' dir='ltr'>Herodotus</span> <span class='ocrx_word' id='word_1_67' title='bbox 511 1464 571 1530; x_wconf 92' lang='lat' dir='ltr'>hoo</span> <span class='ocrx_word' id='word_1_68' title='bbox 593 1464 660 1530; x_wconf 91' lang='lat' dir='ltr'>loco</span> <span class='ocrx_word' id='word_1_69' title='bbox 674 1464 839 1531; x_wconf 89' lang='lat' dir='ltr'>Xanthum</span> <span class='ocrx_word' id='word_1_70' title='bbox 853 1465 991 1532; x_wconf 85' lang='lat' dir='ltr'>ahumve</span> <span class='ocrx_word' id='word_1_71' title='bbox 1013 1466 1156 1548; x_wconf 85' lang='lat' dir='ltr'>quemvis</span> <span class='ocrx_word' id='word_1_72' title='bbox 1178 1469 1341 1531; x_wconf 89' lang='lat' dir='ltr'>auctorem</span> 
     </span>
     <span class='ocr_line' id='line_1_11' title="bbox 307 1566 1341 1650; baseline 0.002 -18"><span class='ocrx_word' id='word_1_73' title='bbox 307 1573 450 1648; x_wconf 85' lang='lat' dir='ltr'>tangere,</span> <span class='ocrx_word' id='word_1_74' title='bbox 472 1585 513 1632; x_wconf 89' lang='lat' dir='ltr'>an</span> <span class='ocrx_word' id='word_1_75' title='bbox 527 1567 691 1649; x_wconf 87' lang='lat' dir='ltr'>Lydorum</span> <span class='ocrx_word' id='word_1_76' title='bbox 713 1572 818 1634; x_wconf 87' lang='lat' dir='ltr'>terrae</span> <span class='ocrx_word' id='word_1_77' title='bbox 834 1572 981 1634; x_wconf 90' lang='lat' dir='ltr'>naturam</span> <span class='ocrx_word' id='word_1_78' title='bbox 1004 1566 1191 1650; x_wconf 90' lang='lat' dir='ltr'>simpliciter</span> <span class='ocrx_word' id='word_1_79' title='bbox 1213 1573 1246 1632; x_wconf 92' lang='lat' dir='ltr'>et</span> <span class='ocrx_word' id='word_1_80' title='bbox 1267 1585 1341 1634; x_wconf 83' lang='lat' dir='ltr'>nere</span> 
     </span>
     <span class='ocr_line' id='line_1_12' title="bbox 306 1667 651 1736; baseline 0.006 -4"><span class='ocrx_word' id='word_1_81' title='bbox 306 1667 486 1736; x_wconf 79' lang='lat' dir='ltr'>describere</span> <span class='ocrx_word' id='word_1_82' title='bbox 506 1668 651 1735; x_wconf 79' lang='lat' dir='ltr'>noluerit.</span> 
     </span>
    </p>

    <p class='ocr_par' dir='ltr' id='par_1_4' title="bbox 304 1771 1342 2574">
     <span class='ocr_line' id='line_1_13' title="bbox 390 1771 1340 1855; baseline 0.002 -19"><span class='ocrx_word' id='word_1_83' title='bbox 390 1771 451 1838; x_wconf 91' lang='lat' dir='ltr'>His</span> <span class='ocrx_word' id='word_1_84' title='bbox 465 1771 589 1838; x_wconf 90' lang='lat' dir='ltr'>duobus</span> <span class='ocrx_word' id='word_1_85' title='bbox 602 1771 808 1853; x_wconf 82' lang='lat' dir='ltr'>argumentis,</span> <span class='ocrx_word' id='word_1_86' title='bbox 825 1771 941 1854; x_wconf 88' lang='lat' dir='ltr'>quihus</span> <span class='ocrx_word' id='word_1_87' title='bbox 955 1772 1077 1855; x_wconf 88' lang='lat' dir='ltr'>Ephori</span> <span class='ocrx_word' id='word_1_88' title='bbox 1099 1773 1258 1840; x_wconf 92' lang='lat' dir='ltr'>sententia</span> <span class='ocrx_word' id='word_1_89' title='bbox 1279 1791 1340 1840; x_wconf 94' lang='lat' dir='ltr'>non</span> 
     </span>
     <span class='ocr_line' id='line_1_14' title="bbox 304 1872 1340 1955; baseline 0.003 -17"><span class='ocrx_word' id='word_1_90' title='bbox 304 1873 349 1939; x_wconf 95' lang='lat' dir='ltr'>sit</span> <span class='ocrx_word' id='word_1_91' title='bbox 370 1872 519 1955; x_wconf 87' lang='lat' dir='ltr'>refutata,</span> <span class='ocrx_word' id='word_1_92' title='bbox 542 1874 672 1939; x_wconf 89' lang='lat' dir='ltr'>tertium</span> <span class='ocrx_word' id='word_1_93' title='bbox 694 1873 840 1939; x_wconf 87' lang='lat' dir='ltr'>adiunxit</span> <span class='ocrx_word' id='word_1_94' title='bbox 862 1874 1091 1942; x_wconf 87' lang='lat' dir='ltr'>Dahlmaunus.</span> <span class='ocrx_word' id='word_1_95' title='bbox 1134 1875 1340 1942; x_wconf 86' lang='lat' dir='ltr'>Manifestum</span> 
     </span>
     <span class='ocr_line' id='line_1_15' title="bbox 306 1976 1340 2062; baseline 0.003 -21"><span class='ocrx_word' id='word_1_96' title='bbox 306 1994 383 2056; x_wconf 87' lang='lat' dir='ltr'>esse,</span> <span class='ocrx_word' id='word_1_97' title='bbox 406 1976 505 2055; x_wconf 88' lang='lat' dir='ltr'>dixit,</span> <span class='ocrx_word' id='word_1_98' title='bbox 535 1976 733 2042; x_wconf 90' lang='lat' dir='ltr'>Herodotum</span> <span class='ocrx_word' id='word_1_99' title='bbox 757 1981 858 2042; x_wconf 90' lang='lat' dir='ltr'>totam</span> <span class='ocrx_word' id='word_1_100' title='bbox 879 1995 984 2042; x_wconf 90' lang='lat' dir='ltr'>rerum</span> <span class='ocrx_word' id='word_1_101' title='bbox 1017 1996 1036 2056; x_wconf 82' lang='lat' dir='ltr'>a</span> <span class='ocrx_word' id='word_1_102' title='bbox 1059 1978 1158 2062; x_wconf 84' lang='lat' dir='ltr'>Lydis</span> <span class='ocrx_word' id='word_1_103' title='bbox 1180 1983 1340 2061; x_wconf 84' lang='lat' dir='ltr'>gestarum</span> 
     </span>
     <span class='ocr_line' id='line_1_16' title="bbox 305 2077 1341 2162; baseline 0.002 -18"><span class='ocrx_word' id='word_1_104' title='bbox 305 2078 471 2145; x_wconf 86' lang='lat' dir='ltr'>historiam</span> <span class='ocrx_word' id='word_1_105' title='bbox 501 2079 651 2162; x_wconf 88' lang='lat' dir='ltr'>persequi</span> <span class='ocrx_word' id='word_1_106' title='bbox 673 2077 827 2158; x_wconf 90' lang='lat' dir='ltr'>noluisse,</span> <span class='ocrx_word' id='word_1_107' title='bbox 858 2079 1017 2145; x_wconf 90' lang='lat' dir='ltr'>nonnullis</span> <span class='ocrx_word' id='word_1_108' title='bbox 1044 2087 1151 2146; x_wconf 89' lang='lat' dir='ltr'>autem</span> <span class='ocrx_word' id='word_1_109' title='bbox 1183 2080 1260 2146; x_wconf 88' lang='lat' dir='ltr'>locis</span> <span class='ocrx_word' id='word_1_110' title='bbox 1289 2099 1341 2146; x_wconf 92' lang='lat' dir='ltr'>co-</span> 
     </span>
     <span class='ocr_line' id='line_1_17' title="bbox 304 2180 1342 2264; baseline 0 -18"><span class='ocrx_word' id='word_1_111' title='bbox 304 2180 430 2264; x_wconf 82' lang='lat' dir='ltr'>gnosci,</span> <span class='ocrx_word' id='word_1_112' title='bbox 459 2180 553 2262; x_wconf 89' lang='lat' dir='ltr'>plura</span> <span class='ocrx_word' id='word_1_113' title='bbox 575 2199 647 2246; x_wconf 91' lang='lat' dir='ltr'>eum</span> <span class='ocrx_word' id='word_1_114' title='bbox 670 2182 711 2246; x_wconf 93' lang='lat' dir='ltr'>de</span> <span class='ocrx_word' id='word_1_115' title='bbox 732 2180 772 2246; x_wconf 91' lang='lat' dir='ltr'>iis</span> <span class='ocrx_word' id='word_1_116' title='bbox 794 2181 978 2263; x_wconf 82' lang='lat' dir='ltr'>cognovisse</span> <span class='ocrx_word' id='word_1_117' title='bbox 1000 2200 1095 2264; x_wconf 90' lang='lat' dir='ltr'>quam</span> <span class='ocrx_word' id='word_1_118' title='bbox 1117 2182 1236 2248; x_wconf 87' lang='lat' dir='ltr'>referre</span> <span class='ocrx_word' id='word_1_119' title='bbox 1258 2183 1287 2247; x_wconf 90' lang='lat' dir='ltr'>ci</span> <span class='ocrx_word' id='word_1_120' title='bbox 1308 2182 1342 2247; x_wconf 94' lang='lat' dir='ltr'>in</span> 
     </span>
     <span class='ocr_line' id='line_1_18' title="bbox 304 2282 1340 2367; baseline 0.002 -19"><span class='ocrx_word' id='word_1_121' title='bbox 304 2283 409 2348; x_wconf 89' lang='lat' dir='ltr'>animo</span> <span class='ocrx_word' id='word_1_122' title='bbox 431 2282 554 2362; x_wconf 84' lang='lat' dir='ltr'>fuisset,</span> <span class='ocrx_word' id='word_1_123' title='bbox 576 2283 672 2348; x_wconf 88' lang='lat' dir='ltr'>licere</span> <span class='ocrx_word' id='word_1_124' title='bbox 693 2283 793 2364; x_wconf 84' lang='lat' dir='ltr'>igitur</span> <span class='ocrx_word' id='word_1_125' title='bbox 816 2283 926 2350; x_wconf 90' lang='lat' dir='ltr'>mirari</span> <span class='ocrx_word' id='word_1_126' title='bbox 948 2285 1035 2367; x_wconf 91' lang='lat' dir='ltr'>apud</span> <span class='ocrx_word' id='word_1_127' title='bbox 1065 2304 1138 2351; x_wconf 92' lang='lat' dir='ltr'>eum</span> <span class='ocrx_word' id='word_1_128' title='bbox 1166 2304 1205 2352; x_wconf 91' lang='lat' dir='ltr'>ue</span> <span class='ocrx_word' id='word_1_129' title='bbox 1227 2304 1340 2352; x_wconf 91' lang='lat' dir='ltr'>nomen</span> 
     </span>
     <span class='ocr_line' id='line_1_19' title="bbox 304 2383 1342 2481; baseline 0.003 -31"><span class='ocrx_word' id='word_1_130' title='bbox 304 2385 433 2468; x_wconf 89' lang='lat' dir='ltr'>quidem</span> <span class='ocrx_word' id='word_1_131' title='bbox 454 2383 570 2450; x_wconf 83' lang='lat' dir='ltr'>Alcimi</span> <span class='ocrx_word' id='word_1_132' title='bbox 593 2385 677 2467; x_wconf 82' lang='lat' dir='ltr'>regis</span> <span class='ocrx_word' id='word_1_133' title='bbox 699 2385 843 2467; x_wconf 80' lang='lat' dir='ltr'>inveniri,</span> <span class='ocrx_word' id='word_1_134' title='bbox 865 2386 920 2468; x_wconf 91' lang='lat' dir='ltr'>qui</span> <span class='ocrx_word' id='word_1_135' title='bbox 935 2406 955 2452; x_wconf 90' lang='lat' dir='ltr'>a</span> <span class='ocrx_word' id='word_1_136' title='bbox 970 2387 1099 2452; x_wconf 91' lang='lat' dir='ltr'>Xantho</span> <span class='ocrx_word' id='word_1_137' title='bbox 1120 2387 1251 2481; x_wconf 78' lang='lat' dir='ltr'>summis</span> <span class='ocrx_word' id='word_1_138' title='bbox 1273 2387 1342 2453; x_wconf 88' lang='lat' dir='ltr'>lau·</span> 
     </span>
     <span class='ocr_line' id='line_1_20' title="bbox 304 2486 1341 2574; baseline 0.002 -22"><span class='ocrx_word' id='word_1_139' title='bbox 304 2486 399 2554; x_wconf 88' lang='lat' dir='ltr'>dibus</span> <span class='ocrx_word' id='word_1_140' title='bbox 422 2486 524 2553; x_wconf 86' lang='lat' dir='ltr'>elatus</span> <span class='ocrx_word' id='word_1_141' title='bbox 547 2494 641 2553; x_wconf 88' lang='lat' dir='ltr'>esset.</span> <span class='ocrx_word' id='word_1_142' title='bbox 686 2490 826 2568; x_wconf 79' lang='lat' dir='ltr'>Quorum</span> <span class='ocrx_word' id='word_1_143' title='bbox 855 2509 913 2572; x_wconf 78' lang='lat' dir='ltr'>ego</span> <span class='ocrx_word' id='word_1_144' title='bbox 945 2490 1082 2557; x_wconf 87' lang='lat' dir='ltr'>alterum</span> <span class='ocrx_word' id='word_1_145' title='bbox 1106 2527 1146 2536; x_wconf 89' lang='lat'><em>-</em></span> <span class='ocrx_word' id='word_1_146' title='bbox 1169 2491 1341 2574; x_wconf 91' lang='lat' dir='ltr'>plurimum</span> 
     </span>
    </p>

    <p class='ocr_par' dir='ltr' id='par_1_5' title="bbox 285 2589 1345 4006">
     <span class='ocr_line' id='line_1_21' title="bbox 285 2589 1339 2671; baseline 0.002 -17"><span class='ocrx_word' id='word_1_147' title='bbox 285 2590 389 2668; x_wconf 24' lang='lat' dir='ltr'>,enim</span> <span class='ocrx_word' id='word_1_148' title='bbox 410 2589 496 2656; x_wconf 82' lang='lat' dir='ltr'>valet</span> <span class='ocrx_word' id='word_1_149' title='bbox 517 2590 559 2656; x_wconf 93' lang='lat' dir='ltr'>ad</span> <span class='ocrx_word' id='word_1_150' title='bbox 582 2590 704 2671; x_wconf 88' lang='lat' dir='ltr'>Ephori</span> <span class='ocrx_word' id='word_1_151' title='bbox 726 2593 952 2658; x_wconf 90' lang='lat' dir='ltr'>auctoritatem</span> <span class='ocrx_word' id='word_1_152' title='bbox 974 2592 1220 2658; x_wconf 90' lang='lat' dir='ltr'>confirmandam</span> <span class='ocrx_word' id='word_1_153' title='bbox 1243 2592 1339 2657; x_wconf 90' lang='lat' dir='ltr'>illud:</span> 
     </span>
     <span class='ocr_line' id='line_1_22' title="bbox 305 2691 1342 2778; baseline 0.001 -21"><span class='ocrx_word' id='word_1_154' title='bbox 305 2692 505 2758; x_wconf 89' lang='lat' dir='ltr'>Herodotum</span> <span class='ocrx_word' id='word_1_155' title='bbox 527 2691 621 2775; x_wconf 94' lang='lat' dir='ltr'>plnra</span> <span class='ocrx_word' id='word_1_156' title='bbox 652 2695 692 2759; x_wconf 94' lang='lat' dir='ltr'>de</span> <span class='ocrx_word' id='word_1_157' title='bbox 714 2695 876 2777; x_wconf 87' lang='lat' dir='ltr'>Lydorum</span> <span class='ocrx_word' id='word_1_158' title='bbox 907 2695 1042 2761; x_wconf 89' lang='lat' dir='ltr'>historia</span> <span class='ocrx_word' id='word_1_159' title='bbox 1065 2695 1224 2778; x_wconf 88' lang='lat' dir='ltr'>accepisse</span> <span class='ocrx_word' id='word_1_160' title='bbox 1245 2713 1342 2778; x_wconf 92' lang='lat' dir='ltr'>quam</span> 
     </span>
     <span class='ocr_line' id='line_1_23' title="bbox 304 2795 1342 2877; baseline 0.001 -17"><span class='ocrx_word' id='word_1_161' title='bbox 304 2811 452 2860; x_wconf 90' lang='lat' dir='ltr'>narrasse</span> <span class='ocrx_word' id='word_1_162' title='bbox 475 2830 516 2842; x_wconf 94' lang='lat'>·-</span> <span class='ocrx_word' id='word_1_163' title='bbox 547 2796 577 2860; x_wconf 87' lang='lat' dir='ltr'>ei</span> <span class='ocrx_word' id='word_1_164' title='bbox 598 2795 693 2862; x_wconf 86' lang='lat' dir='ltr'>valde</span> <span class='ocrx_word' id='word_1_165' title='bbox 724 2796 904 2877; x_wconf 88' lang='lat' dir='ltr'>adsentior,</span> <span class='ocrx_word' id='word_1_166' title='bbox 933 2796 966 2863; x_wconf 90' lang='lat' dir='ltr'>in</span> <span class='ocrx_word' id='word_1_167' title='bbox 998 2798 1100 2864; x_wconf 88' lang='lat' dir='ltr'>altero</span> <span class='ocrx_word' id='word_1_168' title='bbox 1130 2804 1238 2865; x_wconf 91' lang='lat' dir='ltr'>autem</span> <span class='ocrx_word' id='word_1_169' title='bbox 1268 2815 1342 2863; x_wconf 90' lang='lat' dir='ltr'>eum</span> 
     </span>
     <span class='ocr_line' id='line_1_24' title="bbox 303 2897 1341 2983; baseline 0.001 -20"><span class='ocrx_word' id='word_1_170' title='bbox 303 2914 417 2979; x_wconf 91' lang='lat' dir='ltr'>parum</span> <span class='ocrx_word' id='word_1_171' title='bbox 440 2905 533 2965; x_wconf 89' lang='lat' dir='ltr'>caute</span> <span class='ocrx_word' id='word_1_172' title='bbox 555 2899 658 2981; x_wconf 82' lang='lat' dir='ltr'>egisse</span> <span class='ocrx_word' id='word_1_173' title='bbox 679 2897 835 2978; x_wconf 89' lang='lat' dir='ltr'>arbitrer,</span> <span class='ocrx_word' id='word_1_174' title='bbox 856 2901 943 2983; x_wconf 90' lang='lat' dir='ltr'>quod</span> <span class='ocrx_word' id='word_1_175' title='bbox 965 2900 1081 2966; x_wconf 82' lang='lat' dir='ltr'>Alcimi</span> <span class='ocrx_word' id='word_1_176' title='bbox 1104 2900 1189 2983; x_wconf 85' lang='lat' dir='ltr'>regis</span> <span class='ocrx_word' id='word_1_177' title='bbox 1210 2899 1251 2966; x_wconf 93' lang='lat' dir='ltr'>ab</span> <span class='ocrx_word' id='word_1_178' title='bbox 1275 2898 1341 2964; x_wconf 91' lang='lat' dir='ltr'>He-</span> 
     </span>
     <span class='ocr_line' id='line_1_25' title="bbox 306 3000 1343 3084; baseline 0.002 -20"><span class='ocrx_word' id='word_1_179' title='bbox 306 3000 421 3064; x_wconf 93' lang='lat' dir='ltr'>rodoto</span> <span class='ocrx_word' id='word_1_180' title='bbox 436 3001 627 3068; x_wconf 89' lang='lat' dir='ltr'>mentionem</span> <span class='ocrx_word' id='word_1_181' title='bbox 648 3000 767 3067; x_wconf 87' lang='lat' dir='ltr'>factam</span> <span class='ocrx_word' id='word_1_182' title='bbox 789 3019 858 3068; x_wconf 89' lang='lat' dir='ltr'>esse</span> <span class='ocrx_word' id='word_1_183' title='bbox 872 3003 1010 3084; x_wconf 85' lang='lat' dir='ltr'>negavit</span> <span class='ocrx_word' id='word_1_184' title='bbox 1054 3003 1136 3068; x_wconf 88' lang='lat' dir='ltr'>Nam</span> <span class='ocrx_word' id='word_1_185' title='bbox 1160 3002 1248 3067; x_wconf 88' lang='lat' dir='ltr'>haud</span> <span class='ocrx_word' id='word_1_186' title='bbox 1269 3019 1343 3083; x_wconf 93' lang='lat' dir='ltr'>pro·</span> 
     </span>
     <span class='ocr_line' id='line_1_26' title="bbox 305 3102 1344 3189; baseline -0.001 -21"><span class='ocrx_word' id='word_1_187' title='bbox 305 3102 356 3168; x_wconf 93' lang='lat' dir='ltr'>cul</span> <span class='ocrx_word' id='word_1_188' title='bbox 377 3121 398 3165; x_wconf 95' lang='lat' dir='ltr'>a</span> <span class='ocrx_word' id='word_1_189' title='bbox 421 3102 558 3170; x_wconf 78' lang='lat' dir='ltr'>veritate</span> <span class='ocrx_word' id='word_1_190' title='bbox 580 3104 628 3169; x_wconf 84' lang='lat' dir='ltr'>nel</span> <span class='ocrx_word' id='word_1_191' title='bbox 651 3124 671 3169; x_wconf 89' lang='lat' dir='ltr'>a</span> <span class='ocrx_word' id='word_1_192' title='bbox 691 3103 902 3169; x_wconf 91' lang='lat' dir='ltr'>similitudine</span> <span class='ocrx_word' id='word_1_193' title='bbox 922 3103 1191 3189; x_wconf 80' lang='lat' dir='ltr'>veriSteinius1)</span> <span class='ocrx_word' id='word_1_194' title='bbox 1214 3105 1344 3170; x_wconf 89' lang='lat' dir='ltr'>videtur</span> 
     </span>
     <span class='ocr_line' id='line_1_27' title="bbox 303 3203 1343 3288; baseline 0.002 -20"><span class='ocrx_word' id='word_1_195' title='bbox 303 3203 471 3272; x_wconf 87' lang='lat' dir='ltr'>aberrasse</span> <span class='ocrx_word' id='word_1_196' title='bbox 493 3204 674 3286; x_wconf 88' lang='lat' dir='ltr'>suspicatus</span> <span class='ocrx_word' id='word_1_197' title='bbox 695 3205 965 3288; x_wconf 83' lang='lat' dir='ltr'>vetustissimum,</span> <span class='ocrx_word' id='word_1_198' title='bbox 987 3208 1042 3288; x_wconf 90' lang='lat' dir='ltr'>qui</span> <span class='ocrx_word' id='word_1_199' title='bbox 1064 3224 1084 3271; x_wconf 96' lang='lat' dir='ltr'>a</span> <span class='ocrx_word' id='word_1_200' title='bbox 1105 3207 1235 3272; x_wconf 90' lang='lat' dir='ltr'>Xantho</span> <span class='ocrx_word' id='word_1_201' title='bbox 1257 3205 1343 3272; x_wconf 86' lang='lat' dir='ltr'>Alci·</span> 
     </span>
     <span class='ocr_line' id='line_1_28' title="bbox 305 3305 1343 3391; baseline 0.002 -21"><span class='ocrx_word' id='word_1_202' title='bbox 305 3324 376 3370; x_wconf 92' lang='lat' dir='ltr'>mus</span> <span class='ocrx_word' id='word_1_203' title='bbox 398 3326 419 3370; x_wconf 90' lang='lat' dir='ltr'>a</span> <span class='ocrx_word' id='word_1_204' title='bbox 440 3305 571 3374; x_wconf 89' lang='lat' dir='ltr'>Nicolao</span> <span class='ocrx_word' id='word_1_205' title='bbox 586 3306 729 3373; x_wconf 88' lang='lat' dir='ltr'>Acimius</span> <span class='ocrx_word' id='word_1_206' title='bbox 751 3312 893 3389; x_wconf 89' lang='lat' dir='ltr'>vocatur,</span> <span class='ocrx_word' id='word_1_207' title='bbox 915 3327 1022 3391; x_wconf 85' lang='lat' dir='ltr'>regem</span> <span class='ocrx_word' id='word_1_208' title='bbox 1045 3309 1085 3374; x_wconf 88' lang='lat' dir='ltr'>ab</span> <span class='ocrx_word' id='word_1_209' title='bbox 1101 3308 1265 3375; x_wconf 92' lang='lat' dir='ltr'>Herodoto</span> <span class='ocrx_word' id='word_1_210' title='bbox 1287 3327 1343 3373; x_wconf 86' lang='lat' dir='ltr'>no-</span> 
     </span>
     <span class='ocr_line' id='line_1_29' title="bbox 304 3407 1343 3494; baseline 0.002 -21"><span class='ocrx_word' id='word_1_211' title='bbox 304 3407 372 3494; x_wconf 88' lang='lat' dir='ltr'>cari</span> <span class='ocrx_word' id='word_1_212' title='bbox 394 3407 557 3489; x_wconf 84' lang='lat' dir='ltr'>Alcaeum,</span> <span class='ocrx_word' id='word_1_213' title='bbox 579 3408 725 3475; x_wconf 82' lang='lat' dir='ltr'>Heraclia</span> <span class='ocrx_word' id='word_1_214' title='bbox 746 3408 856 3478; x_wconf 89' lang='lat' dir='ltr'>filium.</span> <span class='ocrx_word' id='word_1_215' title='bbox 909 3409 1017 3476; x_wconf 85' lang='lat' dir='ltr'>Facile</span> <span class='ocrx_word' id='word_1_216' title='bbox 1039 3409 1123 3476; x_wconf 93' lang='lat' dir='ltr'>enim</span> <span class='ocrx_word' id='word_1_217' title='bbox 1145 3410 1213 3476; x_wconf 89' lang='lat' dir='ltr'>fieri</span> <span class='ocrx_word' id='word_1_218' title='bbox 1236 3411 1343 3492; x_wconf 91' lang='lat' dir='ltr'>potuit</span> 
     </span>
     <span class='ocr_line' id='line_1_30' title="bbox 303 3509 1344 3596; baseline 0 -19"><span class='ocrx_word' id='word_1_219' title='bbox 303 3515 341 3577; x_wconf 91' lang='lat' dir='ltr'>ut</span> <span class='ocrx_word' id='word_1_220' title='bbox 370 3509 553 3578; x_wconf 90' lang='lat' dir='ltr'>Herodotus</span> <span class='ocrx_word' id='word_1_221' title='bbox 585 3510 742 3578; x_wconf 87' lang='lat' dir='ltr'>Alcimum</span> <span class='ocrx_word' id='word_1_222' title='bbox 782 3512 953 3579; x_wconf 87' lang='lat' dir='ltr'>barbarum</span> <span class='ocrx_word' id='word_1_223' title='bbox 992 3531 1103 3579; x_wconf 91' lang='lat' dir='ltr'>nomeu</span> <span class='ocrx_word' id='word_1_224' title='bbox 1136 3514 1279 3596; x_wconf 84' lang='lat' dir='ltr'>ignotum</span> <span class='ocrx_word' id='word_1_225' title='bbox 1310 3513 1344 3578; x_wconf 92' lang='lat' dir='ltr'>in</span> 
     </span>
     <span class='ocr_line' id='line_1_31' title="bbox 304 3613 1345 3695; baseline 0.002 -17"><span class='ocrx_word' id='word_1_226' title='bbox 304 3613 457 3680; x_wconf 87' lang='lat' dir='ltr'>Alcaeum</span> <span class='ocrx_word' id='word_1_227' title='bbox 479 3613 601 3680; x_wconf 89' lang='lat' dir='ltr'>Graeco</span> <span class='ocrx_word' id='word_1_228' title='bbox 622 3614 735 3680; x_wconf 90' lang='lat' dir='ltr'>lectori</span> <span class='ocrx_word' id='word_1_229' title='bbox 757 3615 958 3682; x_wconf 89' lang='lat' dir='ltr'>notissimum</span> <span class='ocrx_word' id='word_1_230' title='bbox 980 3620 1201 3695; x_wconf 89' lang='lat' dir='ltr'>commutaret,</span> <span class='ocrx_word' id='word_1_231' title='bbox 1224 3633 1345 3681; x_wconf 87' lang='lat' dir='ltr'>memor</span> 
     </span>
     <span class='ocr_line' id='line_1_32' title="bbox 302 3713 1343 3799; baseline 0.004 -20"><span class='ocrx_word' id='word_1_232' title='bbox 302 3714 439 3781; x_wconf 88' lang='lat' dir='ltr'>fortasse</span> <span class='ocrx_word' id='word_1_233' title='bbox 461 3713 608 3782; x_wconf 89' lang='lat' dir='ltr'>Heraclis</span> <span class='ocrx_word' id='word_1_234' title='bbox 637 3735 697 3783; x_wconf 87' lang='lat' dir='ltr'>avo</span> <span class='ocrx_word' id='word_1_235' title='bbox 727 3736 839 3783; x_wconf 90' lang='lat' dir='ltr'>nomen</span> <span class='ocrx_word' id='word_1_236' title='bbox 869 3716 968 3783; x_wconf 88' lang='lat' dir='ltr'>inisse</span> <span class='ocrx_word' id='word_1_237' title='bbox 989 3718 1116 3785; x_wconf 86' lang='lat' dir='ltr'>Alcaeo.</span> <span class='ocrx_word' id='word_1_238' title='bbox 1172 3719 1343 3799; x_wconf 89' lang='lat' dir='ltr'>Utcunque</span> 
     </span>
     <span class='ocr_line' id='line_1_33' title="bbox 304 3817 1344 3902; baseline 0.002 -20"><span class='ocrx_word' id='word_1_239' title='bbox 304 3837 377 3886; x_wconf 85' lang='lat' dir='ltr'>nero</span> <span class='ocrx_word' id='word_1_240' title='bbox 401 3837 451 3885; x_wconf 89' lang='lat' dir='ltr'>res</span> <span class='ocrx_word' id='word_1_241' title='bbox 474 3837 508 3884; x_wconf 91' lang='lat' dir='ltr'>se</span> <span class='ocrx_word' id='word_1_242' title='bbox 530 3817 643 3899; x_wconf 89' lang='lat' dir='ltr'>habat,</span> <span class='ocrx_word' id='word_1_243' title='bbox 671 3827 763 3900; x_wconf 90' lang='lat' dir='ltr'>patet</span> <span class='ocrx_word' id='word_1_244' title='bbox 785 3820 865 3898; x_wconf 92' lang='lat' dir='ltr'>iam,</span> <span class='ocrx_word' id='word_1_245' title='bbox 895 3821 1027 3901; x_wconf 90' lang='lat' dir='ltr'>opinor,</span> <span class='ocrx_word' id='word_1_246' title='bbox 1061 3820 1142 3886; x_wconf 87' lang='lat' dir='ltr'>haec</span> <span class='ocrx_word' id='word_1_247' title='bbox 1170 3819 1233 3886; x_wconf 89' lang='lat' dir='ltr'>tria</span> <span class='ocrx_word' id='word_1_248' title='bbox 1261 3839 1344 3902; x_wconf 91' lang='lat' dir='ltr'>quae</span> 
     </span>
     <span class='ocr_line' id='line_1_34' title="bbox 304 3921 1344 4006; baseline -0.002 -18"><span class='ocrx_word' id='word_1_249' title='bbox 304 3922 391 4004; x_wconf 92' lang='lat' dir='ltr'>apud</span> <span class='ocrx_word' id='word_1_250' title='bbox 407 3921 643 3988; x_wconf 88' lang='lat' dir='ltr'>Dahlmannum</span> <span class='ocrx_word' id='word_1_251' title='bbox 667 3921 808 4006; x_wconf 90' lang='lat' dir='ltr'>reperire</span> <span class='ocrx_word' id='word_1_252' title='bbox 829 3922 920 4004; x_wconf 90' lang='lat' dir='ltr'>potui</span> <span class='ocrx_word' id='word_1_253' title='bbox 936 3927 1126 4004; x_wconf 84' lang='lat' dir='ltr'>argumenta</span> <span class='ocrx_word' id='word_1_254' title='bbox 1148 3922 1200 3987; x_wconf 86' lang='lat' dir='ltr'>vix</span> <span class='ocrx_word' id='word_1_255' title='bbox 1223 3921 1344 3988; x_wconf 91' lang='lat' dir='ltr'>minimi</span> 
     </span>
    </p>
   </div>
   <div class='ocr_carea' id='block_1_3' title="bbox 393 4129 814 4213">
    <p class='ocr_par' dir='ltr' id='par_1_6' title="bbox 393 4129 814 4213">
     <span class='ocr_line' id='line_1_35' title="bbox 393 4129 814 4213; baseline -0.002 -20"><span class='ocrx_word' id='word_1_256' title='bbox 393 4132 423 4213; x_wconf 89' lang='lat'>1)</span> <span class='ocrx_word' id='word_1_257' title='bbox 448 4132 485 4192; x_wconf 93' lang='lat' dir='ltr'>ad</span> <span class='ocrx_word' id='word_1_258' title='bbox 507 4130 564 4195; x_wconf 90' lang='lat' dir='ltr'>loo.</span> <span class='ocrx_word' id='word_1_259' title='bbox 586 4129 713 4195; x_wconf 85' lang='lat' dir='ltr'>Herodt.</span> <span class='ocrx_word' id='word_1_260' title='bbox 735 4130 760 4206; x_wconf 91' lang='lat' dir='ltr'>I,</span> <span class='ocrx_word' id='word_1_261' title='bbox 784 4130 814 4192; x_wconf 81' lang='lat'>7.</span> 
     </span>
    </p>
   </div>
   <div class='ocr_carea' id='block_1_4' title="bbox 0 0 1564 4888">
    <p class='ocr_par' dir='ltr' id='par_1_7' title="bbox 0 0 1564 4888">
     <span class='ocr_line' id='line_1_36' title="bbox 0 0 1564 4888; baseline 0 0"><span class='ocrx_word' id='word_1_262' title='bbox 0 0 1564 4888; x_wconf 95' lang='lat' dir='ltr'> </span> 
     </span>
    </p>
   </div>
  </div>
 </body>
</html>
