3120 4888
726 509 940 577 ,34-

318 681 488 764 quissimus
510 681 671 765 Lydorum
692 699 744 746 res
759 682 881 748 Graeco
903 681 1013 748 lectori
1036 700 1123 748 more
1138 682 1259 748 Graeco
1281 681 1354 745 red-

319 786 395 850 dere
416 785 550 851 studuit
595 784 659 850 Sed
681 783 834 866 idipsum
853 783 925 848 aliis
941 785 1039 849 etiam
1055 781 1233 850 confirmari
1248 788 1354 864 potest

318 885 515 968 argumentis
523 884 537 948 l.
574 885 655 951 Nolo
684 900 832 967 magnam
862 886 926 952 vim
957 886 1098 952 tribuere
1126 884 1232 951 verbis
1253 883 1355 948 Hero·

321 989 391 1053 doti
413 988 438 1063 I,
462 988 496 1052 l:
530 981 727 1073 Κανδαύλης
747 985 805 1052 τὸν
826 982 858 1054 οἳ
873 983 1020 1074 Ἓλληνας
1043 982 1216 1074 Μύρσιλοι
1237 977 1355 1070 ὀνομά-

320 1086 422 1169 ζουσι,
445 1087 561 1171 quibus
576 1089 718 1156 Sicinius
734 1090 873 1157 Graecos
893 1091 1065 1172 scriptores
1082 1096 1234 1172 poetasse
1248 1088 1353 1153 notari

320 1190 407 1271 vult,
438 1189 537 1255 multo
565 1192 696 1257 maioris
725 1193 804 1257 milri
835 1192 961 1258 videtur·
993 1192 1143 1258 momenti
1172 1207 1241 1256 esse
1270 1189 1355 1272 quod

320 1289 503 1357 Herodotus
524 1291 557 1356 in
579 1293 747 1377 affinitate,
770 1313 834 1378 qua
848 1294 1002 1361 Hercules
1024 1298 1058 1358 et
1079 1293 1174 1358 Belus
1196 1291 1355 1358 coniuncti

320 1391 420 1459 fuisse
442 1393 610 1475 dicuntur,
641 1397 802 1461 tradenda
831 1397 910 1461 adeo
941 1415 1002 1461 uon
1034 1396 1094 1462 sibi
1128 1394 1289 1472 constitit,
1319 1399 1357 1458 ut

320 1494 492 1576 Perseum,
514 1495 662 1564 Herculis
683 1517 855 1581 proavum,
877 1497 1114 1563 Andromedam
1138 1496 1207 1561 Beli
1230 1500 1356 1577 neptem

321 1597 353 1662 in
376 1597 612 1664 matrimonium
635 1600 762 1666 duxisse
785 1601 928 1665 traderet
949 1599 1022 1678 Vll,
1038 1602 1089 1666 61.
1133 1599 1291 1664 Narratur
1312 1595 1357 1662 ibi

321 1698 458 1766 Perseus
480 1700 524 1767 ed
545 1701 682 1766 Actaeos
703 1702 843 1780 venisse,
865 1719 945 1783 quos
967 1701 1081 1767 Graeci
1104 1697 1282 1780 antiquitus
1304 1715 1358 1764 vo-

322 1808 449 1866 cassent
481 1800 662 1884 Gepheuos3
695 1804 742 1870 eis
773 1810 842 1869 tum
869 1801 1046 1886 praefuisse
1077 1802 1255 1884 Cepheum,
1289 1799 1358 1864 Beli

321 1901 431 1980 lilium,
455 1903 544 1968 cuius
564 1902 631 1969 filia
652 1905 872 1981 Andromeda,
893 1922 1028 1988 quacum
1054 1904 1187 1970 Perseus
1208 1919 1359 1985 congres-

322 2023 378 2070 sus
400 2011 503 2087 esset,
533 2005 661 2072 Persem
683 2005 783 2072 filium
806 2007 980 2086 edidisset,
1011 2013 1044 2072 et
1065 2005 1105 2072 ab
1128 2025 1165 2072 eo
1188 2004 1358 2069 Persarum

323 2111 450 2190 gentem
474 2107 593 2190 cepisse
616 2126 738 2174 nomeu.
789 2109 878 2176 Haec
908 2111 949 2175 de
971 2109 1137 2175 Persarum
1168 2106 1290 2188 origine
1310 2103 1359 2169 ia-

322 2208 397 2274 bula
426 2227 499 2275 cum
532 2208 571 2275 ab
601 2210 759 2293 Aeschylo
781 2212 940 2294 relata1),
971 2211 1130 2294 aPythia
1153 2207 1290 2275 oraculis
1311 2207 1361 2272 in·

323 2310 411 2377 clusa
424 2311 472 2395 ²),
496 2310 536 2376 ab
559 2309 767 2397 Heinricoe)
789 2313 892 2381 fusius
913 2314 1070 2396 explicata
1092 2318 1184 2392 esset,
1207 2311 1270 2376 iam
1293 2308 1359 2373 He-

322 2483 433 2544 tabulis
455 2485 605 2560 Lydorum
636 2487 746 2546 eruisse
768 2488 903 2560 videtur,
934 2489 990 2547 hac
1017 2492 1184 2562 temporum
1208 2487 1360 2559 computa-

323 2570 404 2629 tione
436 2569 569 2630 innisus:
600 2576 718 2630 contum
749 2573 850 2647 anuis,
881 2574 977 2632 tribus
1006 2573 1161 2632 hominum
1191 2570 1360 2646 generibus,

323 2660 392 2731 post
413 2654 573 2713 Herculem
597 2655 772 2716 Heraclidae
802 2663 1021 2734 occupaverunt
1051 2675 1176 2731 reguum
1199 2655 1360 2731 Lydorum,

325 2739 402 2819 quod
426 2757 480 2814 per
501 2739 681 2819 quingentos
703 2748 734 2800 et
757 2743 889 2823 quinque
905 2762 998 2802 anuos
1013 2743 1170 2812 teuebaut;
1193 2759 1244 2799 eos
1266 2739 1361 2797 secuti

325 2832 396 2884 sunt
418 2826 617 2900 Mermnadee,
641 2826 693 2906 qui
715 2846 770 2903 per
792 2834 910 2888 centum
936 2835 967 2888 et
988 2826 1178 2903 septuaginta
1199 2844 1292 2884 anuos
1313 2843 1361 2882 re·

325 2928 472 2986 gnavera;
504 2910 605 2990 itaque
628 2930 693 2970 cum
716 2914 822 2972 Sardes
851 2934 870 2972 a
891 2915 968 2992 Cyro
990 2919 1091 2989 captas
1123 2932 1186 2971 esse
1209 2911 1287 2970 circa
1308 2927 1362 2966 an-

325 3014 397 3052 uum
428 2997 489 3052 550
521 3015 547 3054 a.
578 2997 646 3056 (ihr.
681 2998 801 3073 plurimi
837 2999 1036 3058 recentiorum
1067 2998 1198 3056 sentiant
1228 2995 1363 3074 (Ungert

326 3079 475 3156 Cyaxares
497 3097 526 3138 u.
542 3086 699 3159 Astyages,
721 3083 768 3142 iu:
792 3084 1033 3159 Abhaudlungen
1056 3083 1108 3142 der
1128 3082 1220 3141 baier.
1243 3080 1363 3139 slade-

327 3165 385 3223 mia
407 3163 440 3222 Τ.
462 3163 540 3224 XIV
561 3185 591 3241 p.
615 3168 793 3241 237-319,
819 3172 917 3243 1882,
946 3189 975 3244 p.
1001 3173 1070 3241 242,
1102 3186 1212 3227 anuum
1236 3163 1363 3242 oscito,

325 3247 440 3322 Floigl:
470 3250 565 3327 Cyrus
593 3271 621 3312 u.
645 3251 781 3312 Herodot
813 3274 842 3330 p.
868 3257 948 3328 121,
980 3274 1089 3313 anuum
1114 3248 1245 3333 548s47,
1276 3249 1363 3308 Dun-

327 3335 399 3394 ckor
429 3353 539 3393 annum
566 3340 650 3410 549,
684 3339 909 3414 praeferendum
940 3360 1004 3399 esse
1034 3335 1292 3414 existimaverunt)
1322 3355 1364 3394 ex

327 3425 494 3496 temporum
517 3421 632 3482 ratione
655 3422 733 3482 circa
755 3443 865 3483 anuum
887 3431 948 3483 450
972 3445 997 3484 a
1020 3426 1087 3484 (lhr.
1109 3422 1271 3483 Herculem
1292 3425 1364 3480 aute

329 3509 391 3563 900
414 3524 507 3566 annos
528 3506 641 3567 vixisse
663 3517 801 3585 reputare
824 3511 950 3570 debebat
971 3510 1151 3569 Herodotus.

416 3588 446 3666 l)
470 3590 636 3669 Aeschylus
658 3593 779 3672 (Persae
800 3617 830 3656 v.
854 3595 946 3674 79)
937 3615 1034 3672 ipsum
1056 3593 1189 3654 Xerxem
1213 3612 1230 3651 a
1252 3591 1363 3650 Perseo

329 3681 427 3734 ortum
450 3694 513 3734 esso
536 3678 637 3750 tradit,
660 3699 787 3780 quocum
808 3682 886 3738 bene
908 3680 1047 3741 convenit
1069 3679 1215 3739 Herodoti
1237 3675 1364 3750 locusI,

332 3763 409 3819 125:
444 3722 642 3838 Πασαργάδαι
673 3757 780 3822 εἰσὶ”
759 3781 892 3840 opturet,
924 3763 956 3825 ἐν
985 3767 1061 3824 τοῖσι
1093 3761 1142 3822 καὶ
1162 3757 1365 3839 Ἀχαιμενίδαι

331 3839 385 3901 εἰσὶ
409 3839 527 3922 φρήτρη
550 3843 639 3904 ἔνθεν
661 3869 691 3906 οι
683 3845 898 3924 Ηβασιλὲες
865 3870 895 3908 οι
920 3847 1079 3930 Περσεῖδαι
1101 3843 1244 3928 γεγόνασι.

416 3930 606 4006 Herode
593 3940 640 3993 us
658 3933 726 4012 v11,
743 3939 822 3994 220·
844 3932 991 3994 ταῦταὸἕ
1011 3951 1082 4008 σφιν
1104 3929 1136 3994 ἐν
1158 3931 1238 3992 ἔπεσι
1261 3926 1365 4008 hippi

329 4029 425 4116 τροισι
436 3933 505 4121 >xpri
535 4009 569 4122 ςὴ
594 4017 714 4117 Πυθίη)

373 4119 503 4202 open
466 4075 494 4160 d
527 4123 550 4160 ω
573 4097 716 4183 Σπάρτης
737 4099 946 4208 oiaricopep’
913 4107 1087 4184 εαρυχοροῖο

372 4206 392 4261 η
379 4176 525 4265 μέγα
503 4203 577 4246 ασια
594 4183 766 4265 ἐρικυόἕς’
746 4212 789 4250 απ
789 4183 936 4269 ’ἀνδράσι
956 4188 1191 4273 Περσεΐδῃσι-
1210 4183 1366 4264 πέρθεται.

418 4269 449 4354 3)
471 4273 619 4336 Hellanic.
642 4276 679 4336 fr.
706 4280 774 4354 159,
799 4281 877 4352 160;
905 4278 941 4339 ci
964 4251 1111 4338 Herodoti
1131 4276 1187 4338 loo.
1210 4273 1288 4350 VII,
1312 4275 1367 4334 iil.
