3120 4888
644 497 859 564 „57-

188 705 198 718 2
229 667 381 734 tenebrae
404 670 486 735 adeo
501 665 628 734 scutati
651 669 809 736 obductae
831 675 916 753 suut,
938 675 974 736 ut
995 689 1101 737 rerum
1124 669 1207 737 ratio
1231 690 1270 738 ex

229 771 269 836 iis
293 771 444 854 explicari
466 771 518 837 vix
541 789 636 854 aegre
658 772 779 855 possit
815 775 959 840 Docuere
982 773 1064 839 enim
1079 775 1269 842 Dunclrerus

231 873 299 958 (IV,
323 894 353 956 p.
370 874 501 959 salsas)
525 879 558 940 et
581 875 722 941 Steinius
747 876 801 956 (ad
824 877 850 959 l,
866 877 917 952 86,
935 878 977 959 6),
1000 876 1059 941 viri
1083 877 1270 957 doctissimi,

230 995 292 1041 nou
308 977 423 1059 Cyrum
445 976 582 1042 iussisse
597 977 748 1043 Croesum
763 978 869 1044 duum
885 979 1078 1060 comburere,
1101 979 1158 1044 sed
1175 978 1271 1044 Croe-

233 1097 303 1143 sum
333 1080 438 1162 ipsum
461 1080 620 1162 Sandoni,
649 1081 770 1146 numini
801 1082 960 1163 solis,'ut
990 1083 1083 1148 deum
1113 1099 1268 1147 summurn

232 1181 392 1263 Lydorum
413 1173 572 1264 placaret,
596 1199 631 1248 se
653 1183 813 1248 victimam
836 1185 1051 1267 reipublicae
1073 1182 1270 1267 praebuisse,

232 1302 301 1348 cum
323 1284 373 1350 bis
396 1291 521 1366 septem
544 1285 703 1350 nobilibus
727 1287 836 1369 Lydis.
889 1287 978 1365 Quae
1007 1286 1114 1368 opinio
1137 1304 1176 1350 eo
1199 1303 1271 1351 cou-

231 1387 393 1468 firmatur,
426 1389 509 1469 quod
532 1388 717 1454 Herodotus
740 1391 808 1472 (st,
836 1391 873 1468 ⁴l)
901 1388 962 1454 sibi
985 1389 1093 1471 Lydos
1124 1393 1271 1455 auctores

232 1489 332 1555 fuisse
355 1489 446 1566 dicit,
469 1509 601 1572 quorum
626 1491 862 1556 narrationibus
885 1497 987 1556 totum
1010 1491 1089 1556 illud
1112 1492 1271 1572 caputet

233 1593 340 1660 deberi
363 1593 456 1658 facile
477 1593 686 1676 perspicitur;
716 1595 800 1676 quod
831 1594 859 1658 si
888 1594 985 1677 paulo
1016 1593 1201 1677 diligentius
1222 1593 1272 1658 iu·

234 1696 393 1778 spexeris,
425 1696 548 1762 videbis
582 1713 602 1761 a
632 1696 732 1778 Lydis
764 1696 915 1761 traditum
948 1715 1020 1761 esse
1051 1715 1113 1761 non
1145 1697 1271 1762 Solonis

234 1817 349 1864 nomeu
381 1804 431 1864 ter
462 1799 549 1864 clara
578 1817 655 1863 voce
684 1798 854 1863 clamatum
886 1798 983 1864 saluti
1014 1799 1115 1865 luisse
1144 1799 1272 1879 Croeso,
1394 1871 1398 1880 Ι

234 1902 291 1967 sed
313 1903 509 1967 voluntatem
533 1906 566 1966 et
589 1901 788 1966 clementiam
811 1901 984 1983 Sandonis,
1007 1902 1061 1984 qui
1083 1901 1271 1967 sacrificium

233 2005 427 2086 repudiaret,
449 2003 554 2085 ignem
578 2003 811 2086 exstingueret,
834 2003 985 2069 Croesum
1010 2006 1150 2087 derogo
1174 2004 1273 2068 dedu·

234 2111 329 2186 ceret,
351 2106 433 2188 Cyro
449 2105 675 2170 amicissimum
698 2105 858 2170 redderet.
908 2105 1042 2171 Accedit
1063 2106 1148 2188 quod
1170 2105 1273 2170 Hero·

234 2211 329 2275 dotus
353 2227 388 2274 se
411 2210 534 2274 nescire
557 2207 725 2290 profitetur
748 2210 810 2291 (cp.
828 2209 869 2275 86
884 2207 976 2293 init),
999 2226 1062 2290 qua
1077 2225 1175 2290 causa
1190 2223 1272 2272 com·

234 2317 339 2376 motus
370 2312 414 2376 sit
443 2310 544 2393 Cyrus
574 2317 611 2374 ut
632 2310 785 2376 Croesum
814 2311 845 2375 in
875 2329 988 2392 rogum
1018 2310 1206 2393 imponeret,
1229 2346 1272 2356 -

234 2415 319 2480 unde
341 2417 477 2496 apparet
491 2414 599 2495 Lydos
615 2412 730 2496 Cyrum
752 2413 951 2478 crudelitatis
974 2432 1037 2478 nou
1054 2413 1271 2492 accusavisse3

235 2535 337 2598 uequc
360 2516 531 2598 quidquam
554 2520 632 2596 erat,
654 2533 710 2580 cur
731 2516 764 2579 id
787 2532 808 2579 a
829 2514 948 2581 Croeso
971 2515 1089 2581 iactum
1113 2531 1185 2580 esse
1208 2532 1273 2579 cre·

234 2620 327 2684 deret
354 2619 554 2698 Herodotus,
584 2625 621 2682 ut
650 2618 781 2700 opinor,
811 2617 873 2684 nisi
906 2619 991 2701 quod
1014 2617 1141 2710 Solonis
1174 2633 1273 2682 causa

234 2722 386 2788 Croesum
419 2728 580 2787 servatum
611 2740 681 2786 esse
709 2725 766 2785 aut
797 2721 857 2786 sibi
885 2720 947 2803 ipsi
977 2723 1184 2803 persuaserat
1217 2726 1273 2787 aut

147 2845 153 2857 ·
234 2825 345 2889 lectori
367 2825 562 2904 persuadere
584 2823 740 2905 cupiebat.
785 2823 887 2900 Quam
903 2823 1117 2918 narrationem
1140 2823 1274 2888 aCrae·

235 2927 281 2992 cis
303 2925 410 2991 fictam
434 2943 507 2990 esse
529 2931 561 2990 et
582 2944 641 3009 per
662 2943 697 2990 se
712 2925 882 2990 verisimile
905 2930 998 3008 est¹y
1021 2929 1055 2990 et
1077 2943 1114 2990 eo
1131 2928 1275 3008 apparet,

236 3030 321 3112 quod
349 3030 411 3110 (cp.
434 3029 490 3108 89)
520 3027 657 3094 Croesus
681 3027 795 3105 Cyrum
829 3028 976 3093 hortatus
1004 3046 1075 3094 esse
1094 3027 1208 3109 lertur,
1238 3033 1274 3092 ut

235 3133 305 3214 ipse
328 3133 450 3214 praede
470 3130 642 3213 potiretur,
665 3148 794 3196 causam
816 3129 1023 3212 interponens
1046 3147 1179 3196 necesse
1201 3147 1274 3194 esse

237 3233 391 3297 decimam
413 3233 480 3297 Iovi
509 3235 712 3300 consecranei
744 3234 857 3316 Itaque
884 3234 924 3299 iis
954 3233 1111 3315 capitibus
1138 3232 1273 3296 alteram

236 3339 360 3416 partem
390 3333 538 3400 carminis
575 3336 614 3400 de
646 3335 844 3400 sermonibus
868 3336 977 3402 Croesi
999 3340 1031 3402 et
1054 3333 1193 3415 Solonis,
1223 3332 1274 3398 cui

237 3438 344 3524 capita
366 3438 493 3504 30-33
516 3456 614 3522 supra
636 3437 814 3520 tribuimur,
838 3437 972 3504 subesse
995 3455 1151 3504 censeam.

323 3541 411 3618 Quae
435 3539 656 3621 delegatione
686 3560 706 3607 a
728 3540 845 3606 Croeso
868 3541 1012 3622 Delphos
1041 3539 1141 3607 missa
1170 3545 1203 3606 et
1233 3539 1274 3604 de

237 3643 371 3726 Pythiae
392 3659 550 3724 responso
572 3643 613 3708 ab
634 3642 800 3709 Herodoto
823 3642 855 3707 in
879 3643 1037 3726 capitibus
1052 3643 1178 3710 90-91
1194 3661 1275 3723 pro·

325 3904 355 3981 1)
377 3903 458 3964 Fieri
480 3901 579 3979 potuit
607 3906 641 3962 ut
662 3908 785 3980 propter
807 3904 961 3962 nominum
982 3901 1102 3962 Scndon
1131 3908 1162 3964 et
1183 3903 1273 3964 Solon

238 3989 461 4048 similitudinem
489 3989 628 4062 Croesus,
659 4008 725 4047 cum
748 3989 915 4048 Sandonem
945 3989 1112 4062 advocaret,
1134 3990 1273 4050 Solonem

237 4093 358 4136 vocasse
381 4095 398 4132 u
421 4075 540 4134 Graecis
562 4075 739 4149 crederetur,
763 4075 800 4134 cf.
824 4094 868 4151 cp.
895 4081 951 4135 86:
981 4066 1218 4147 ἅναστενᾶξαντα
1240 4072 1274 4135 ἐκ

239 4162 347 4238 πολλῆς
369 4152 491 4237 ἡσυχίης
514 4157 544 4230 ἐς
564 4155 629 4240 τρὶς
651 4153 798 4237 ὀνομάσαι
821 4154 934 4220 Σόλων.
