3120 4888
659 457 880 550 ..5..Ι

239 591 385 716 Lydiaca
406 630 645 698 lectitataesse
668 631 709 698 ab
731 631 801 714 ipso
822 629 990 697 Welchero
1011 647 1191 696 concessum
1214 634 1275 706 et,
1372 705 1379 720 ι

239 734 294 818 qui
315 741 424 801 tamen
446 735 612 815 Mnaseas,
635 733 858 801 Eratosthenis
880 732 1047 816 discipuli,
1077 725 1274 816 temporibus

237 840 424 921 incorrupta
438 838 598 904 exstitisse
620 837 705 903 illius
727 835 801 903 libri
816 837 960 920 exempla
982 836 1130 917 negabat,
1151 837 1274 904 innisus

237 941 306 1009 loco
330 941 485 1007 Athenaei
498 942 527 1024 1)
558 941 613 1008 ribi
636 941 799 1006 Mnaseas:
827 935 847 1028 ἡ
873 937 911 1005 δὲ
936 931 1129 1024 Harpyiae
1159 930 1273 1024 ὥσπερ
1408 939 1410 946 ’

240 1039 373 1122 Ξάνθος
394 1041 478 1128 λέγει
508 1037 527 1108 ὁ
550 1041 667 1122 Λυδὸς
688 1038 755 1110 ὑπὸ
778 1038 909 1129 Μόψου
930 1042 987 1108 τοῦ
1011 1042 1127 1110 Aurini
1150 1035 1275 1106 ἁλοῦσα
1391 1093 1396 1102 .

238 1141 482 1233 κατεποντίσθη
504 1142 587 1232 μετὰ
605 1139 731 1227 Ἰχθύος
751 1148 809 1211 τοῦ
832 1140 901 1212 υἱοῦ
930 1143 966 1212 ἐν
986 1146 1026 1232 οἵ
1050 1141 1127 1231 περὶ
1145 1135 1275 1210 Hord-

238 1249 325 1314 λωνα
347 1244 445 1338 λίμνῃ
474 1247 532 1314 διὰ
557 1247 615 1338 τὴν
643 1241 738 1336 ὕβριν
758 1247 816 1316 καὶ
837 1243 904 1315 ὑπὸ
933 1233 997 1314 ἑῶν
1027 1243 1149 1328 ἰχθύων
1177 1270 1274 1312 κατε-

236 1347 363 1440 βρώθη.
407 1352 532 1430 Quibus
553 1353 586 1418 in
608 1353 713 1419 uerbis
736 1351 845 1419 nescio
872 1353 950 1435 quid
978 1357 1089 1418 tantae
1111 1350 1274 1417 offensioni

237 1455 335 1522 fuerit
358 1456 425 1522 viro
447 1456 631 1522 doctissimo
653 1460 700 1538 ut,
723 1461 878 1540 quantum
900 1455 979 1521 haec
994 1453 1135 1521 narratio
1157 1473 1177 1518 a
1198 1472 1273 1521 vero
1379 1516 1380 1521 ,

238 1559 449 1641 Lydiaoornm
472 1558 576 1626 colore
606 1559 707 1626 distet
735 1559 893 1641 clamans,
923 1558 983 1625 hoc
1013 1575 1074 1623 uno
1102 1556 1188 1639 loco,
1219 1557 1274 1640 qui

239 1667 306 1727 tam
329 1668 443 1742 aperta
465 1662 585 1729 iudicia
598 1662 732 1744 fraudis,
753 1662 794 1727 ab
810 1661 1022 1728 Alexandrino
1037 1659 1167 1726 falsario
1189 1678 1273 1726 eom-

238 1765 364 1847 missae,
386 1784 465 1847 prae
487 1783 521 1831 se
542 1764 641 1831 ferret
663 1767 742 1832 satis
757 1751 1168 1846 demonstrari'opimretur
1183 1763 1273 1830 Mna·
1366 1814 1369 1819 .

238 1887 311 1934 aeae
332 1868 530 1950 temporibus
551 1869 676 1936 Xanthi
696 1869 837 1953 Lydiaoa
864 1868 904 1934 ab
927 1866 1154 1950 interpolatore
1174 1864 1273 1932 fuisse

236 1971 374 2053 perdita.
419 1971 517 2038 Guius
539 1971 579 2038 de
600 1971 729 2039 fabulae
751 1971 826 2037 stilo
857 1977 890 2038 et
919 1971 1023 2038 colore
1052 1969 1109 2036 alii
1140 1974 1272 2053 certent,

236 2072 336 2140 statui
359 2074 442 2141 enim
471 2074 644 2158 quidquam
673 2075 753 2142 certi
780 2091 873 2157 posse
901 2075 934 2140 in
966 2073 1120 2139 eiusmodi
1149 2073 1273 2155 generis

236 2177 459 2243 controversiis
481 2178 628 2260 equidem
650 2196 747 2261 nego,
779 2197 886 2244 verum
910 2178 1082 2242 tenendum
1111 2182 1162 2242 est
1182 2177 1215 2242 in
1237 2195 1273 2244 ra

105 2339 111 2348 .
236 2279 438 2346 vehementer
467 2299 589 2348 amasse
611 2281 828 2361 Welckernm,
859 2299 930 2348 oum
953 2279 1139 2363 Dionysium
1162 2278 1271 2362 Scyto-

235 2382 437 2449 brachionem
460 2383 543 2452 cirea
564 2384 690 2468 Olymp.
716 2384 778 2451 160
804 2383 825 2450 i.
847 2405 874 2450 e.
903 2383 1134 2471 circa-annum
1159 2382 1220 2448 140
1242 2402 1271 2449 a.

1 2565 2 2572 ἵ
107 2513 109 2518 ·
237 2484 311 2552 Chr.
333 2486 548 2553 Alexandriae
569 2486 687 2554 vixisse
709 2488 845 2570 probare
866 2486 980 2563 vellet,
1003 2487 1088 2553 unde
1111 2490 1181 2553 tota
1202 2485 1271 2552 eius

235 2589 355 2670 pendet
377 2590 568 2659 coniectura.
610 2589 722 2673 Nuper
744 2591 916 2658 enimcum
933 2589 1271 2672 G.Hachtmannus²)

235 2690 378 2759 floruisse
408 2712 479 2759 eum
510 2693 629 2760 ibidem
660 2695 747 2760 intra
776 2712 874 2760 annos
905 2694 968 2759 110
997 2699 1029 2759 et
1060 2692 1124 2758 100
1145 2711 1173 2758 a.
1197 2691 1270 2759 Ohr.

235 2791 329 2860 fidem
351 2793 479 2879 iecerit,
509 2797 581 2881 quis
602 2802 653 2863 est
674 2799 750 2881 quin
773 2797 882 2864 videat
902 2803 960 2863 aut
981 2795 1164 2863 Artemonis
1186 2796 1270 2862 iudi·

236 2896 319 2962 cium
340 2917 399 2979 pro
420 2897 502 2966 falso
524 2917 592 2966 esse
614 2900 796 2966 babendum
819 2900 1087 2982 statuendumque
1108 2899 1174 2965 iam
1196 2904 1271 2966 ante

234 2999 318 3066 hunc
340 2999 454 3082 fuisse,
485 3003 540 3085 qui
561 3002 683 3068 Xanthi
704 3003 802 3069 libros
823 3003 994 3085 perderent
1015 3002 1270 3085 interpolatores,

235 3107 293 3169 aut
308 3106 544 3172 eoncedendum
559 3106 721 3172 Mnaseam
744 3107 938 3189 incorruptis
952 3105 1072 3172 Xanthi
1087 3105 1179 3172 libris
1201 3124 1271 3174 esse

236 3207 353 3272 usum?
396 3207 524 3275 Etenim
546 3227 618 3275 cum
641 3215 765 3276 constet
786 3210 870 3275 inter
885 3209 996 3275 doctos
1010 3210 1175 3276 Mnaseam
1190 3211 1271 3276 Era-

235 3309 392 3377 tosthenis
415 3311 606 3396 discipulum
629 3312 810 3379 Ptolemaeo
831 3313 878 3379 VI
899 3311 1131 3393 Philometore,
1164 3311 1269 3378 181-

237 3411 299 3478 146
321 3431 349 3478 a.
365 3413 437 3480 Chr.
459 3419 624 3499 regnante,
645 3416 823 3499 scripsisse,
846 3415 901 3500 qui
915 3414 985 3481 iieri
999 3415 1117 3498 potuit,
1140 3435 1269 3499 quaeso,

235 3520 271 3580 ut
293 3519 377 3597 quod
400 3518 535 3602 triginta
557 3519 649 3585 annis
669 3525 744 3602 post
766 3539 787 3584 a
808 3518 1076 3603 Seytobrachione
1097 3518 1269 3587 fabricare·

233 3621 286 3682 tur
306 3619 428 3686 Xanthi
457 3621 654 3704 exemplum,
684 3622 848 3690 materiem
876 3623 906 3689 ei
937 3623 1106 3705 praeheret
1139 3622 1269 3690 huiusce

321 3896 351 3974 1)
374 3899 512 3958 Mnaseas
533 3899 612 3975 apud
635 3900 821 3960 Athenaeum
843 3899 931 3974 VHI,
954 3900 993 3960 at
1016 3921 1047 3978 p.
1065 3903 1127 3959 346
1146 3901 1182 3963 D.

320 3984 352 4061 2)
375 3985 405 4043 0.
429 3984 637 4045 Hachtmann:
668 3986 703 4044 cla
734 3986 858 4064 Dionys.
888 3986 1024 4065 Suytobr.
1067 3985 1145 4048 Dias.
1168 3985 1267 4062 inaug.

232 4067 319 4127 Bonn
338 4074 434 4147 18653
457 4071 493 4132 oi.
509 4072 544 4130 E.
559 4071 726 4134 Schwartz:
749 4072 805 4150 „de
820 4072 965 4152 Dionysio
987 4072 1266 4154 uoyoobraohioner,

233 4154 303 4222 diss.
325 4157 448 4220 Bonnao
474 4161 554 4220 1880
578 4177 606 4238 p.
632 4161 660 4216 5.
684 4160 746 4220 not.
774 4162 799 4222 1.
