3120 4888
717 477 909 542 ..6-

297 646 490 728 fragmenti?
532 647 669 712 Etiamsi
685 647 839 731 largimur
854 647 1027 728 walchero,
1048 649 1132 730 quod
1148 648 1235 714 haud
1253 649 1332 715 bene

297 766 368 815 eum
398 750 535 816 veritate
562 749 728 830 convenit,
759 751 886 832 degisse
913 750 1003 817 illum
1033 749 1332 836 Scytobraohionem

296 853 395 919 vitam
418 853 502 919 eirea
523 872 640 919 annum
666 854 728 922 140
749 873 776 920 a
800 853 873 921 Chr.
895 853 1125 930 Alexandriae,
1154 854 1252 920 nihilo
1275 855 1331 918 mi-

298 973 358 1020 nus
372 969 485 1038 parum
502 955 674 1023 verisimile
694 957 822 1022 videtur
841 957 873 1022 in
893 956 961 1022 eius
979 975 1060 1039 opus
1074 957 1225 1024 incidisse
1243 959 1332 1024 Mna·

296 1076 400 1140 seam,
422 1058 476 1124 illo
498 1060 621 1141 aliquot
642 1060 735 1126 annis
757 1060 918 1125 maiorem.
962 1060 1045 1139 Quin
1067 1060 1164 1125 immo
1186 1059 1334 1125 Mnaseas

297 1180 368 1227 eum
390 1162 491 1228 totius
512 1163 597 1228 ritae
620 1163 759 1244 spatium
787 1163 819 1228 in
847 1161 1029 1230 litterarum
1058 1162 1176 1228 studiis
1197 1163 1333 1227 Alexan·

297 1265 387 1330 driae
409 1272 609 1332 consumeret
630 1256 740 1332 eodem
762 1265 974 1348 Lydiaeorum
997 1263 1156 1348 eiemplo‚
1183 1265 1269 1346 quod
1291 1265 1331 1331 ab

295 1365 508 1434 Eratosthene
529 1370 684 1450 magistro
705 1369 886 1435 lectitatum
908 1374 996 1451 erat,
1028 1387 1105 1436 usus
1127 1385 1195 1434 esse
1217 1372 1332 1450 puton-

295 1471 356 1536 dus
378 1477 437 1552 est,
460 1489 561 1553 neque
582 1472 724 1539 dubitari
747 1471 843 1537 debet
864 1471 960 1554 quin,
981 1473 1008 1537 si
1029 1470 1113 1538 forte
1134 1471 1165 1536 ei
1186 1471 1332 1552 spurium

295 1573 482 1640 nobilissimi
505 1575 600 1641 huius
622 1574 695 1641 libri
718 1576 909 1641 occurrisset
930 1576 1125 1658 exemplum,
1155 1575 1333 1641 moniturus

295 1674 395 1742 luerit
422 1677 564 1744 homines
592 1679 705 1745 doctos
734 1685 772 1743 ut
799 1684 965 1760 caverent,
999 1679 1088 1745 ouius
1111 1678 1156 1743 rei
1181 1677 1333 1742 memoria

295 1779 432 1864 opprimi
454 1780 657 1848 nullomodo
679 1782 793 1864 potuit

379 1882 440 1949 His
461 1885 561 1966 igitur
581 1883 752 1968 probatum
774 1903 844 1950 esse
865 1890 943 1967 puto
966 1884 1068 1967 ipsius
1090 1881 1332 1968 Stytobrachio·

295 1985 344 2050 nis
366 1993 474 2053 aetate
496 1988 618 2053 usitata
650 1986 750 2054 fuisse
772 1986 984 2054 Alexandriae
1006 2007 1098 2067 rere,
1130 1994 1254 2068 vetera,
1284 1985 1331 2050 in·

294 2093 444 2172 corrupta
466 2089 587 2157 Xanthi
608 2091 764 2174 Lydiaoa,
796 2109 878 2174 quae
906 2089 947 2155 ab
970 2090 1182 2156 Eratosthene
1204 2089 1332 2171 saepius

262 2248 264 2255 .
293 2191 427 2258 laudata
440 2193 469 2276 ¹)
492 2199 527 2260 et
547 2194 708 2276 exscripta
729 2195 881 2260 Mnaseas
903 2193 1001 2259 etiam
1027 2193 1059 2258 in
1082 2211 1143 2258 usu
1164 2193 1264 2259 luisse
1284 2191 1331 2258 ri-

294 2296 421 2362 dentur.
467 2297 629 2375 Quantum
652 2315 727 2362 vero
748 2297 783 2362 id
805 2296 909 2379 ipsum
928 2295 1073 2363 eonlerat
1093 2299 1135 2361 ad
1151 2294 1332 2361 Artemonis
1353 2323 1357 2332 ·

294 2397 446 2464 iudicium
469 2399 688 2481 refellendum,
710 2401 782 2484 quis
803 2418 864 2465 non
887 2400 1069 2482 intellegit?
1124 2399 1207 2465 Nam
1228 2399 1257 2465 si
1278 2418 1331 2482 ge

295 2503 391 2570 nuiua
420 2503 452 2569 in
477 2503 670 2571 bibliotheca
692 2504 908 2570 Alexandrina
938 2503 1080 2588 reposita
1110 2509 1144 2570 et
1167 2503 1333 2570 recondita

294 2609 387 2671 erant
407 2606 620 2689 Lydiaeoru'm
642 2607 801 2690 exempla,
831 2606 901 2673 tieri
922 2607 1049 2672 omnino
1079 2626 1140 2673 non
1160 2604 1268 2688 potuit
1293 2607 1332 2669 ut

296 2707 543 2792 Soytobraehion
565 2729 605 2776 ex
628 2708 774 2776 lrustulis
796 2710 937 2790 undique
952 2710 1089 2776 corrasis
1111 2727 1225 2780 novum
1248 2725 1334 2773 com*

295 2811 442 2878 misceret
464 2830 559 2896 opus,
587 2814 638 2879 eui
660 2813 859 2879 notissimum
881 2812 999 2880 veteris
1019 2812 1208 2896 logographi
1231 2811 1332 2895 impo-

295 2921 424 2983 neretur
446 2933 568 2982 nomen.
615 2916 677 2982 Aut
699 2917 726 2981 si
748 2914 817 2981 fieri
840 2916 1060 2998 potuitquae
1083 2916 1212 2981 tandem
1236 2932 1332 2981 causa

294 3020 469 3102 excogitari
491 3025 600 3102 potest
621 3018 745 3087 fraudis
767 3024 833 3084 tam
856 3018 991 3100 inutilis,
1014 3024 1081 3084 tam
1103 3019 1261 3100 apertae?

380 3125 469 3203 Quae
491 3140 562 3191 eum
584 3122 632 3188 ita
653 3122 728 3203 sint,
750 3120 1158 3202 consummandorum,
1180 3121 1332 3204 Dionysio

296 3247 336 3292 an
359 3227 532 3307 Artemoni,
554 3225 656 3292 maior
677 3223 757 3290 tides
780 3224 1086 3306 habundantiam
1109 3225 1218 3306 nequit
1240 3224 1332 3291 dubi-

294 3331 367 3396 tari.
413 3331 475 3410 Qui
498 3331 580 3396 enim
602 3341 675 3396 eum
697 3329 777 3394 adeo
799 3329 883 3394 inter
913 3344 948 3394 se
970 3333 1113 3412 pugnent
1142 3331 1179 3391 ut
1207 3345 1259 3393 res
1280 3345 1332 3392 sa·

294 3435 364 3500 nari
385 3433 473 3499 nullo
495 3435 588 3499 modo
602 3430 713 3515 possit,
728 3467 770 3478 -
785 3431 845 3497 nisi
867 3429 951 3496 forte
972 3431 1044 3512 quis
1062 3432 1173 3498 eodem
1189 3437 1332 3512 tempore

295 3543 329 3603 et
342 3537 481 3620 genuina
496 3542 529 3602 et
542 3535 651 3619 spuria
658 3535 870 3618 Lydiaeorum
884 3533 1031 3617 exempla
1047 3534 1211 3616 divolgata
1223 3533 1330 3613 fuisse,

294 3647 332 3706 ut
353 3639 525 3708 contendat
553 3639 692 3704 animum
722 3638 871 3703 inducere
902 3637 973 3703 vult
1005 3673 1044 3684 -
1075 3637 1152 3720 quid
1175 3637 1330 3718 reliquum

295 3748 343 3810 est
365 3760 459 3827 quam
481 3749 517 3809 ut
532 3746 713 3808 statuamus
727 3742 931 3806 Artemonem
948 3758 1071 3808 errasse
1099 3775 1138 3786 -
1163 3759 1235 3805 cum
1249 3738 1331 3805 libro

383 4001 413 4082 1)
436 4003 541 4064 suano
562 4002 580 4060 I
601 4019 631 4079 p.
654 4005 711 4062 49:
750 4000 850 4058 Tunisa
872 3994 905 4059 dl
926 3993 1019 4059 alania
1045 3990 1076 4076 (ὅ
1093 3993 1329 4077 Ἐρατοσθένης)

293 4084 348 4168 τήν
370 4081 549 4168 Στράτωνος
571 4081 690 4150 ἐπαινεῖ
710 4080 801 4157 δόξαν
827 4086 887 4148 τοῦ
909 4085 1041 4166 φυσικοῦ
1063 4081 1114 4148 aot
1138 4081 1179 4154 ἔτι
1205 4078 1328 4158 Ξάνθου

296 4178 349 4244 τοῦ
372 4175 479 4243 Λυδοῦ
500 4197 526 4234 κ.
544 4195 568 4242 τ,
584 4177 608 4242 λ,
