3120 4888
700 499 913 567 -60-

287 665 351 734 fide
374 667 454 734 adeo
478 685 549 734 eum
574 668 747 752 superavit
769 672 806 734 ut
827 669 910 735 inter
924 687 1116 736 summorum
1133 669 1324 752 scriptorum

287 789 452 836 numerum
476 771 518 836 sit
539 773 751 853 reponendus.
796 772 874 838 Eius
890 772 1051 851 historias,
1072 772 1104 838 in
1121 773 1236 854 quibus
1252 792 1324 854 pro·

287 877 360 954 pter
382 873 483 956 Gygis
506 874 610 940 scelus
626 875 764 940 Croesus
781 878 871 940 tenta
894 874 985 940 clade
1008 873 1141 940 affectus
1165 894 1237 942 esse
1259 881 1323 942 tra·

287 975 432 1055 debatur,
454 982 617 1059 tamquam
632 977 872 1044 fundamentum
889 977 956 1042 suis
972 977 1218 1058 narrationibus,
1242 995 1323 1060 quae

288 1079 329 1142 ad
351 1097 404 1143 res
426 1079 588 1162 Lydorum
617 1081 792 1161 pertinent,
822 1080 1005 1146 Herodotus
1036 1079 1188 1160 subiecit3
1216 1099 1255 1148 ex
1283 1079 1324 1145 iis

288 1180 395 1262 elegit,
417 1179 497 1246 eum'
511 1201 570 1249 sua
592 1183 695 1264 magis
709 1183 884 1248 interesset
899 1182 1059 1248 delectare
1072 1179 1168 1264 quam
1191 1183 1324 1248 edocere

286 1282 447 1364 lectorem,
470 1303 552 1366 quae
575 1285 641 1350 siue
657 1285 828 1352 memoriae
843 1285 1030 1350 retinendae
1045 1302 1141 1350 eausa
1157 1284 1223 1350 siue
1239 1285 1323 1366 quod

288 1388 329 1451 ad
352 1405 404 1452 res
420 1387 615 1454 Graecorum
638 1393 830 1471 spectarent,
854 1387 914 1452 sibi
930 1394 1108 1453 memoratu
1130 1387 1228 1470 digna
1250 1406 1324 1453 esse

287 1489 488 1569 viderentur;
509 1489 625 1555 fabulis
648 1489 774 1572 deinde,
797 1508 877 1572 quas
900 1496 958 1555 aut
977 1490 1010 1556 in
1027 1489 1218 1556 carminibus
1240 1490 1323 1572 lege

287 1597 354 1672 rat,
388 1596 444 1656 aut
467 1592 666 1658 sermonibus
690 1595 882 1660 Graecorum
906 1597 1087 1674 acceperat,
1122 1599 1177 1658 ant
1200 1613 1217 1658 e
1239 1611 1323 1658 oom-

287 1693 452 1760 mentariis
477 1695 638 1776 Delphicis
662 1700 860 1778 sumpserat,
883 1712 931 1760 ¹ee
959 1701 1109 1776 excerpta
1130 1695 1211 1760 adeo
1234 1714 1324 1760 exor-

286 1797 384 1877 navit,
405 1801 442 1861 ut
465 1798 564 1862 exiis
586 1798 704 1864 ueritas
727 1799 780 1863 vix
801 1817 896 1880 aegre
919 1796 1071 1878 eluceret3
1102 1816 1184 1880 quae
1207 1799 1260 1863 ubi
1283 1798 1324 1863 ab

286 1899 452 1964 Herodoto
483 1906 613 1964 servata
643 1907 702 1981 est,
733 1920 804 1966 mea
831 1902 959 1984 quidem
982 1901 1158 1980 sententia,
1193 1901 1323 1966 Xantho

287 2001 421 2066 debetur
443 2003 543 2085 Lydo,
566 2003 619 2084 qui
635 2004 755 2086 Lydiae
771 2004 866 2070 sitnm
889 2012 921 2068 et
936 2008 1092 2080 naturam,
1115 2003 1168 2085 qui
1184 2004 1324 2084 origines

286 2104 452 2170 fabulosas
483 2109 517 2170 et
543 2123 595 2170 res
618 2112 727 2186 gestas
750 2107 912 2188 Lydorum
944 2124 1007 2169 uno
1038 2105 1208 2188 singularis
1231 2125 1324 2186 prae-

286 2207 425 2273 stantiae
448 2225 544 2290 opere
567 2208 731 2291 amplexus
754 2227 826 2276 esse
849 2213 899 2274 est
921 2195 1093 2289 putandus.
