3120 4888
687 501 815 581 ..'13
861 550 901 562 -

275 685 390 752 Strabo
413 683 528 751 refert:
560 685 724 751 Xanthum
753 691 886 769 propter
918 679 1160 751 multitudinem
1177 686 1309 752 coneha-

275 807 344 853 rum
367 793 401 854 et
415 788 643 868 cheramidum,
665 806 745 869 quas
761 789 906 872 procula
927 789 1009 856 mari
1029 789 1149 870 passim
1172 787 1307 854 invenis·

275 896 335 971 set,
357 896 390 957 et
411 897 542 976 propter
563 891 652 958 lacus
674 893 931 975 marinos-quos,
954 891 1106 974 reliquias
1128 890 1221 975 quasi
1243 909 1310 954 ma-

275 993 329 1073 ris,
351 994 384 1059 in
402 994 561 1074 Armenia,
585 995 616 1059 in
641 994 814 1078 Mattienis,
837 996 868 1060 iu
891 994 1034 1078 Phrygia
1055 991 1202 1060 inferiore
1223 994 1310 1058 inse·

277 1096 393 1179 nisset,
415 1099 447 1162 in
471 1116 541 1164 eam
563 1097 755 1164 sententiam
777 1099 951 1164 adductum
972 1115 1059 1176 esse,
1091 1103 1129 1162 nt
1150 1095 1310 1180 prioribus

275 1199 471 1281 temporibus
493 1200 675 1283 regionibus
705 1200 777 1267 istis
799 1220 888 1267 mare
909 1199 1109 1284 superfusum
1130 1197 1229 1266 fuisse
1251 1218 1310 1282 pu·

275 1307 377 1382 taret;
400 1321 495 1384 quam
518 1310 650 1387 propter
671 1303 923 1370 observationem
944 1309 1091 1382 naturae,
1111 1303 1143 1368 in
1165 1302 1310 1384 logogra-

277 1545 381 1619 λίμνας
404 1541 454 1604 noi
478 1541 622 1623 φρέατα
645 1537 736 1605 αιίὂιι
766 1541 797 1605 δὲ
829 1543 937 1605 εἰδέναι
965 1545 1093 1621 πολλαχῆ
1122 1536 1225 1641 πρόσω
1248 1534 1309 1600 ιἰιιο

275 1633 327 1706 τῆς
350 1623 503 1707 θαλάσσης
531 1631 638 1701 λίθους
668 1651 697 1690 τε
719 1627 925 1708 κιγχιιλιώδεις
952 1627 1004 1689 καλ
1036 1652 1071 1688 ια
1063 1622 1238 1688 κιενιιδεα
1260 1623 1310 1686 καὶ

276 1715 445 1793 χηραμλδιιν
468 1711 631 1791 ruodperto
664 1714 713 1776 noi
736 1716 975 1794 λιμνοθᾶλιισσαν
1007 1713 1038 1774 ἒν
1065 1708 1230 1791 Ἀρμενίοις
1258 1709 1309 1772 καὶ

278 1799 309 1860 ἐν
332 1805 519 1878 Μιττιηνοῖς
541 1800 591 1862 uui
614 1801 644 1862 ἐν
670 1802 788 1884 Φρυγία
811 1804 845 1886 τῇ
867 1797 968 1862 κάτω
986 1823 1028 1860 ιιν
1051 1797 1136 1860 ἕνεκα
1151 1801 1311 1859 scribendus

276 1881 311 1944 roi
334 1886 421 1947 nediu
443 1883 515 1947 ποτὲ
536 1883 686 1947 θάλατταν
707 1888 853 1968 γενέσθαι.
882 1923 924 1934 -
947 1890 1035 1949 Patet
1055 1888 1220 1960 Xanthum,
1244 1907 1310 1946 cum

275 1975 306 2032 in
331 1975 531 2034 Armeniat
501 1981 531 2034 et
560 1975 591 2033 in
615 1975 768 2035 Mattienis
797 1976 833 2035 ad
862 1974 955 2034 maria
982 1977 1101 2034 interna
1131 1973 1309 2050 perveniret,

275 2061 432 2120 accessisse
454 2061 490 2118 ad
512 2061 608 2134 lacus,
637 2081 712 2141 quos
741 2068 858 2122 veteres
879 2060 1084 2136 „Thospitim“
1114 2067 1145 2118 et
1173 2058 1311 2133 „Mattia-

276 2145 366 2204 num“
388 2149 550 2220 vocabant,
583 2146 691 2226 quibus
723 2147 812 2207 hodie
836 2146 956 2206 nomina
986 2150 1056 2205 sunt
1078 2145 1257 2219 „Wan·see“
1281 2148 1312 2203 et

276 2232 495 2305 „Urmia-see“;
516 2233 586 2290 inde
609 2251 676 2291 eum
699 2234 734 2292 ad
760 2233 846 2291 maris
867 2232 965 2308 Oaspii
988 2232 1090 2292 littora
1112 2232 1236 2291 eradere
1258 2249 1311 2291 vo-

276 2317 365 2376 luisse
388 2318 461 2376 mihi
475 2318 723 2379 verisimillimum
746 2337 810 2378 esse
824 2318 951 2379 videtur.
998 2315 1075 2380 Quid
1099 2317 1175 2376 enim
1201 2335 1310 2396 quaeso

278 2403 356 2461 aliud
392 2403 472 2462 illius
512 2405 618 2463 aetatis
653 2404 803 2463 hominem
843 2423 1029 2464 commovere
1060 2402 1159 2479 potuit
1187 2410 1221 2461 nt
1251 2406 1311 2460 tam

276 2506 410 2564 asperas,
449 2495 509 2549 tam
539 2496 667 2549 remotas
704 2498 797 2550 terras
829 2489 938 2561 adiret,
976 2493 1010 2547 ut
1038 2487 1244 2546 difficillimum
1274 2487 1312 2545 ad

275 2575 437 2635 Mattienos
458 2575 517 2634 iter
539 2575 703 2651 susciperet
732 2576 790 2635 nisi
820 2574 909 2634 maris
932 2573 1029 2650 Caspii
1059 2573 1174 2635 visendi
1198 2572 1311 2650 cupidi·

279 2659 343 2720 tas?
388 2661 444 2720 Sed
467 2669 628 2740 utcumque
649 2662 722 2720 haec
752 2681 800 2720 res
830 2661 988 2732 sehabet,
1018 2660 1048 2719 id
1071 2666 1187 2719 tantum
1209 2665 1312 2720 teneas

277 2745 379 2818 velim,
402 2747 557 2806 Xanthum
579 2748 611 2806 in
634 2748 699 2823 ipsa
722 2747 821 2806 Media
841 2746 993 2823 paululum
1016 2749 1227 2806 commoratum
1250 2764 1314 2804 esse
1396 2771 1400 2783 ·

276 2832 325 2890 ubi
358 2831 469 2890 cultum
491 2832 585 2905 Solis,
616 2853 704 2912 quem
728 2835 836 2892 Persae
858 2834 1081 2904 „Auramazda⁴‘
1111 2830 1310 2910 appellabant,

278 2917 434 2994 percipere
456 2923 565 2993 posset.
608 2920 765 2978 Persarum
798 2918 876 2976 enim
900 2919 1021 2976 deornm
1045 2917 1216 2994 opinionem
1238 2915 1311 2974 resi·

275 3003 329 3078 pit,
353 3004 432 3082 quod
454 3003 609 3063 aXantho
626 3005 888 3063 Catacecaumenes
910 3003 1041 3078 regionis
1063 3021 1118 3060 rex
1133 3003 1311 3075 „Arimous“

275 3090 394 3168 quidam
416 3089 508 3148 fuisse
531 3091 674 3164 traditur,
704 3090 736 3148 in
762 3110 820 3169 quo
844 3089 1063 3161 Areimanium,
1095 3108 1183 3168 quam
1207 3106 1312 3148 vocare

276 3175 412 3234 solebant
453 3176 625 3252 posterioris
666 3176 772 3236 aetatis
803 3174 908 3234 Gracci
941 3177 1097 3234 Persarum
1138 3175 1311 3233 daemonem

276 3259 324 3336 (ab
354 3260 428 3336 ipsis
451 3262 667 3336 Angromainju
697 3258 903 3336 nominatum),
936 3260 1023 3320 facile
1046 3279 1255 3332 recognosces,
1286 3259 1311 3318 si

276 3346 446 3406 memineris
469 3365 536 3406 eum
558 3347 708 3406 habitasse
730 3347 762 3404 in
786 3346 929 3418 cavernis,
952 3347 983 3403 in
1007 3345 1134 3422 pessimo
1157 3345 1236 3414 loco;
1259 3344 1311 3402 ubi

277 3431 327 3490 Sol
342 3433 496 3506 occideret,
520 3432 572 3491 ubi
586 3451 729 3511 aquarum
751 3432 876 3508 penuria
898 3438 928 3492 ct
944 3432 1068 3504 siccitas,
1091 3430 1142 3488 ubi
1165 3431 1197 3488 in
1214 3432 1311 3489 deser-

275 3518 314 3576 tis
335 3519 427 3576 fames
454 3524 485 3578 et
507 3518 586 3590 sitis,
609 3519 661 3576 ubi
682 3519 763 3577 ferae
786 3523 817 3576 et
839 3537 950 3590 angues
973 3517 1143 3575 hominibus
1166 3516 1309 3592 perniciei

274 3609 373 3664 essent
403 3604 445 3664 ibi
474 3622 599 3678 regnare
631 3605 805 3664 credebatur
841 3603 889 3678 (cf.
927 3603 1089 3662 Duncher:
1122 3602 1228 3662 Gesch.
1260 3603 1311 3660 des

272 3690 402 3750 Alterth
447 3691 536 3748 sud.
552 3689 635 3748 Τοιιι.
651 3690 694 3751 IV
718 3710 746 3766 p.
765 3683 902 3767 radiet).
942 3689 1033 3750 Vides
1050 3709 1138 3768 quam
1153 3689 1230 3747 bene
1245 3707 1311 3747 oum

273 3776 320 3834 his
343 3783 515 3850 congruant,
539 3793 615 3853 quae
634 3795 650 3833 e
666 3776 790 3835 Xantho
806 3776 904 3850 petita
914 3774 1185 3852 apudtStrabonem
1207 3773 1311 3849 legun-

273 3867 322 3921 tur
344 3862 442 3921 det
402 3867 460 3921 rsta
480 3861 621 3935 regione:
651 3853 769 3921 ἅπαντα
799 3855 959 3939 ribbodone,
991 3853 1067 3936 πλὴν
1098 3853 1232 3934 ἀμπέλου
1260 3860 1312 3934 τῆς

273 3966 325 4005 τιν
348 3943 648 4020 Κιτικεκιιυμινλιην
678 3940 830 4024 φερούσης
860 3936 997 4005 οἶνον..
1014 3941 1132 4004 ..ἔστι
1153 3935 1227 4004 di‘
1206 3966 1226 4020 η
1250 3942 1311 4004 irro-

273 4024 383 4106 φάνεια
414 4025 570 4134 repositius
599 4031 658 4090 τῶν
680 4029 822 4094 orditur·
853 4053 873 4108 η
864 4023 965 4090 δι’
951 4023 1051 4108 curave}
1073 4027 1124 4090 καλ
1149 4023 1310 4133 associum,

273 4109 453 4195 μέλαινιι’
428 4139 469 4187 ως
498 4111 534 4179 dv
566 4115 595 4189 ἐξ
626 4110 809 4185 insauciatos
951 4111 1073 4186 Ξάνθος
1103 4111 1135 4178 δὲ
1164 4114 1214 4175 aci
1236 4107 1310 4195 Ἀρι

272 4205 350 4280 potio
372 4223 438 4264 τινα
459 4198 534 4282 λέγει
555 4204 616 4264 scir
636 4197 739 4264 τόπων
761 4195 876 4262 τούτων
898 4198 1028 4280 βασιλέα
