3120 4888
701 465 915 532 „44-

293 629 378 702 ca'do
401 634 578 724 ἐξέπλησε,
608 626 646 714 ὃς
676 632 738 703 ἐὼν
765 632 947 724 δορυφόρος
963 632 1201 724 Ἡρακλειδέων
1230 633 1332 726 (δόλῳ

293 735 465 828 γυναικηίῳ
481 735 719 826 ἐπισπόμενος)
742 737 895 827 ἐφόνευσε
917 737 974 806 τόν
996 737 1160 806 δεσπότεα
1181 741 1236 808 καὶ
1259 737 1332 823 ἔσχε

292 840 349 930 τὴν
371 839 493 909 ἐκείνου
515 841 611 932 τιμὴν
633 836 726 909 οὐδέν
747 839 780 924 οἳ
799 839 1045 932 πραςήκουσαν,
1076 845 1140 908 tria
1161 845 1218 910 illa
1239 863 1333 911 voca·

293 942 386 1025 bula,
417 964 499 1028 quae
527 947 617 1012 uncis
647 946 833 1012 inclusimus
862 947 1167 1028 interponeremus
1198 948 1239 1013 ab
1260 948 1333 1030 ipso

294 1048 442 1128 Apolline
463 1054 534 1114 tota
555 1067 608 1114 res
631 1049 845 1132 detegeretur.

380 1151 528 1233 Sequitur
557 1152 589 1217 in
619 1151 725 1234 capite
758 1153 797 1220 14
831 1151 871 1217 de
903 1151 994 1218 donis
1026 1170 1046 1216 a
1075 1152 1167 1234 Gyge
1189 1153 1332 1235 Delphos

294 1253 401 1327 missis
424 1254 592 1336 explicatio
615 1253 866 1333 accuratissima,
889 1272 984 1335 quam
1007 1253 1160 1319 ellanthi
1182 1255 1332 1337 Lydiaois

295 1357 496 1438 desumptam
520 1375 608 1437 esse,
637 1356 772 1422 obeam
801 1375 870 1421 rem
893 1361 1035 1422 statuere
1066 1375 1129 1422 nou
1152 1376 1333 1441 possumne,

293 1460 379 1540 quod
400 1459 599 1524 Herodotum
624 1460 728 1542 ipsum
753 1459 886 1541 Delphis
908 1458 1027 1539 fuisse,
1050 1460 1103 1526 ubi
1126 1460 1334 1526 haecomnia

293 1562 322 1627 ei
344 1563 518 1644 comperire
540 1562 666 1642 licebat,
688 1561 770 1628 inter
793 1580 903 1626 omnes
920 1566 1055 1628 constat.
1098 1562 1209 1644 Neque
1224 1570 1333 1629 tamen

295 1669 346 1728 est
376 1683 432 1730 our
461 1683 612 1747 negemus
645 1683 683 1729 ex
712 1669 804 1746 parte
834 1663 962 1745 qnidam
994 1681 1033 1728 ea
1062 1664 1191 1730 Xantho
1224 1664 1334 1730 deberi

294 1767 483 1849 praesertim
511 1785 581 1833 oum
612 1767 681 1832 eius
704 1766 800 1832 verba
822 1765 1042 1847 redintegrare
1064 1766 1210 1832 videntur
1231 1768 1333 1832 Hero·

294 1869 391 1933 dotns
413 1869 503 1936 initio
526 1870 639 1952 eapitis
664 1870 704 1934 15
735 1868 853 1952 (stein)
884 1869 1008 1935 dicens:
1036 1865 1175 1952 ’ἐσέβαλε
1196 1867 1257 1953 μὲν
1278 1870 1334 1934 νῦν

296 1968 450 2059 στρατιὴν
470 1970 527 2037 καὶ
550 1963 644 2049 οὗτος
665 1967 776 2037 ἔπειτα
799 1961 893 2059 ἦρξεν
923 1965 958 2048 ἔς
987 1993 1023 2035 τε
1046 1967 1199 2057 Μίλητον
1219 1970 1276 2037 καὶ
1298 1971 1335 2050 ἐς

296 2069 442 2161 Σμύρνην
463 2098 492 2140 κ.
512 2099 540 2141 τ.
558 2073 587 2139 λ.
632 2075 759 2141 Etenim
793 2091 862 2139 oum
896 2075 1017 2154 primus
1049 2073 1093 2138 sit
1122 2075 1262 2140 omnium
1293 2076 1334 2140 de

294 2176 408 2257 quibus
424 2178 608 2243 Herodotus
632 2178 760 2244 uberius
779 2175 886 2257 refert,
909 2195 1020 2259 regum
1035 2177 1209 2259 Lydiorum
1224 2178 1335 2260 Gyges

295 2296 399 2360 neque
420 2277 602 2345 Candaules
631 2285 688 2346 aut
708 2279 792 2345 alius
814 2279 1057 2346 Heraclidarurn
1086 2297 1142 2344 rer
1168 2279 1209 2344 ab
1231 2279 1335 2344 Hero-

296 2380 371 2446 doto
394 2380 511 2448 bellum
533 2382 683 2449 intulisse
705 2382 837 2448 Ionibus
860 2381 1024 2463 tradatur,
1053 2401 1155 2464 neque
1176 2381 1256 2446 illud
1278 2378 1335 2446 καὶ

295 2475 390 2561 οὗτος
411 2485 453 2551 ad
476 2485 628 2552 Croesum
658 2483 769 2549 referri
791 2485 913 2567 possit,
943 2485 983 2548 de
1012 2502 1075 2565 quo
1106 2483 1211 2564 capite
1242 2487 1333 2548 sexto

295 2586 431 2667 legimus
453 2576 548 2664 αἶπος
570 2582 588 2652 ὃ
611 2590 759 2674 Κροῖσος
788 2581 964 2673 βαρβάρων
994 2587 1126 2672 πρῶτος
1152 2588 1217 2651 τῶν
1238 2581 1334 2672 ἡμεῖς

296 2681 393 2772 ἴδμεν
414 2688 490 2768 τοὺς
509 2689 570 2774 μὲν
592 2687 841 2775 κατεστρέψατο
857 2683 1023 2775 Ἑλλήνων,
1054 2684 1130 2765 τοὺς
1152 2686 1189 2753 δὲ
1218 2684 1335 2774 φίλους

295 2787 572 2880 προςεποιήσατο,
602 2792 708 2858 facere
739 2811 802 2858 non
834 2809 1022 2874 possumus,
1054 2792 1130 2873 quin
1152 2797 1334 2857 statuamus

295 2894 493 2960 Herodotum
517 2895 649 2961 alterius
678 2895 842 2976 scriptoris
865 2894 975 2974 verba,
1008 2894 1062 2976 qui
1091 2894 1123 2959 in
1153 2893 1243 2959 libris
1266 2892 1334 2958 suis

295 2996 435 3077 priorum
459 2997 613 3064 bellorum
640 2998 680 3064 ab
702 2997 883 3064 Heraclidis
905 2996 1035 3063 Ionibus
1063 2996 1225 3062 illatorum
1247 3013 1334 3060 men-

295 3098 413 3164 tionem
436 3100 565 3183 fecerat,
587 3101 809 3184 neglegentius
832 3099 1103 3180 transsumpsisse

381 3202 505 3268 Deinde
525 3203 557 3269 in
580 3202 737 3284 capitibus
761 3201 810 3283 15,
834 3203 891 3282 16,
913 3200 956 3267 25
978 3219 1030 3267 res
1053 3220 1073 3267 a
1095 3201 1195 3284 Gyge,
1219 3201 1334 3282 Ardye,

297 3306 467 3388 Sadyatte,
501 3306 630 3387 Alyatte
660 3310 768 3387 gestas
798 3304 960 3370 annalium
990 3305 1023 3369 iu
1054 3321 1171 3370 morem
1196 3319 1335 3368 summa·

297 3428 358 3491 que
395 3410 427 3474 in
470 3408 699 3474 distribuendis
739 3408 853 3489 cuique
891 3406 984 3472 bellis
1022 3405 1239 3486 accuratione,
1277 3404 1334 3468 ad·

298 3511 365 3576 dito
398 3530 571 3593 annorum,
605 3517 684 3592 quot
713 3511 848 3592 quisque
880 3515 1088 3591 regnaverat,
1125 3525 1255 3572 numero
1285 3524 1335 3571 re

296 3613 359 3680 fert
387 3613 586 3693 Herodotus,
618 3630 699 3695 quas
732 3609 807 3695 quiri
838 3632 856 3678 e
883 3611 1004 3677 Xanthi
1033 3609 1183 3694 Lydiaois
1218 3607 1335 3674 exscri-

297 3717 399 3798 pserit
429 3716 571 3782 dubitari
602 3715 721 3798 nequit.
784 3715 895 3780 Totins
928 3714 1010 3781 enim
1043 3712 1208 3778 relationis
1240 3729 1335 3793 argu-

298 3823 406 3885 mento
434 3824 467 3884 et
496 3819 601 3884 colore
632 3818 713 3884 satis
745 3820 984 3883 demonstratur
1013 3835 1075 3882 non
1108 3834 1146 3881 ex
1176 3815 1335 3880 communi

296 3924 383 3989 fama
409 3927 442 3988 et
465 3939 612 3988 sermone
641 3919 813 4002 hominnm,
846 3922 904 3986 sed
927 3939 965 3985 ex
988 3917 1151 3985 annalium
1181 3917 1335 3982 memoria

298 4032 332 4091 et
352 4024 469 4091 litteris
492 4023 669 4100 effluxisse,
695 4005 784 4106 ‘quae
814 4024 847 4088 iu
870 4023 972 4088 tribus
1002 4021 1066 4086 illis
1088 4018 1247 4103 capitibus
1268 4025 1335 4086 tra·

298 4129 426 4197 duntur.
469 4128 549 4198 Eius
570 4127 618 4194 rei
638 4127 823 4195 testimonia
844 4131 921 4196 suut
942 4123 1065 4192 numeri
1087 4139 1257 4203 annorum,
1279 4121 1336 4203 qui
