3120 4888
641 489 698 504 .,,
743 453 866 522 10-

249 631 311 708 tur,
333 645 397 710 qua
419 630 593 692 commotus
616 626 771 708 Agenoris
792 623 876 690 filius
905 645 944 692 ex
967 625 1045 691 Asia
1066 623 1099 690 in
1121 624 1280 707 Europam

249 728 531 812 transmigraverit.
590 728 650 795 Ad
675 729 753 796 haee
788 727 871 794 adde
901 729 987 810 quod
1018 729 1061 794 ad
1092 726 1282 794 Phoenissae

249 834 291 912 (v.
306 831 360 912 61)
383 833 518 898 adnotat
537 831 677 898 Graecus
699 831 875 914 explicator
897 832 937 897 de
952 832 1172 896 excaecatione
1187 831 1282 896 Oedi-

247 936 357 1016 podis:
380 927 478 1018 ὅμοια
500 930 557 1000 καὶ
572 927 765 1012 ‘martana
809 933 932 1012 Quibus
954 953 1026 1000 cum
1048 933 1218 1014 probatum
1240 933 1283 998 sir

247 1036 434 1119 Euripidem
482 1038 611 1119 saepius
650 1057 667 1102 e
698 1036 962 1120 logographorum
1000 1035 1090 1101 libris
1131 1035 1284 1114 hausisse,

248 1157 328 1223 quas
350 1139 495 1205 versibus
517 1147 688 1206 ornaturus
710 1146 780 1206 erat
803 1138 945 1218 fabulas,
967 1137 1104 1205 efficitur
1126 1143 1163 1205 ut
1184 1138 1283 1219 expli·

248 1243 365 1308 catoris
387 1241 473 1308 iilius
495 1242 679 1308 testimonio
700 1244 742 1308 ad
765 1242 864 1307 Andr.
886 1243 927 1310 10
947 1241 1111 1307 Xanthum
1135 1249 1168 1306 et
1189 1240 1282 1306 Euri·

247 1343 353 1427 pidem
377 1343 507 1412 mirifice
537 1345 577 1410 de
608 1345 703 1412 rebus
725 1345 846 1410 Troicis
867 1345 1051 1428 congruisse
1072 1343 1283 1427 testificantis,

249 1447 379 1514 defensa
401 1449 503 1530 magis
533 1466 628 1529 quam
650 1447 791 1514 iudicata
820 1448 971 1514 rideatur
998 1452 1142 1514 veterum
1165 1448 1283 1530 Lydia-

250 1569 358 1617 corum
379 1568 486 1616 causa.
529 1551 656 1616 Etenim
673 1556 842 1616 concentus
856 1550 984 1617 illorum
1001 1569 1073 1617 oum
1089 1550 1175 1615 nullo
1190 1551 1284 1616 rnodo

251 1653 298 1719 ita
320 1653 461 1734 expediri
483 1654 586 1738 possit
609 1660 645 1719 ut
660 1654 831 1736 Dionysius
846 1651 1104 1736 Scytobrachion‚
1125 1653 1176 1720 vir
1197 1654 1283 1718 haud

248 1756 362 1838 exigua
392 1755 571 1823 litterarum
602 1757 752 1838 scientia,
786 1758 951 1823 materiam
984 1757 1102 1838 spuriis
1132 1755 1283 1842 Lydiacis

247 1859 471 1942 componendis
502 1879 541 1925 ex
561 1859 727 1942 Euripidis
756 1860 931 1943 tragoediis
961 1859 1093 1942 petiisse
1124 1861 1285 1942 credatur,

248 1979 362 2026 norum
385 1968 418 2028 et
439 1963 638 2046 praeclarum
661 1963 795 2046 praebet
822 1963 1009 2045 exemplum,
1032 1967 1153 2044 quanta
1174 1967 1283 2028 aucto·

247 2065 344 2130 ritate
367 2067 454 2147 apud
470 2072 593 2132 veteres
609 2065 706 2131 fuerit
720 2066 842 2132 Xanthi
860 2065 950 2144 liber,
972 2084 1065 2148 quem
1088 2065 1129 2130 ab
1145 2065 1283 2147 Ephor0,

247 2167 419 2251 Euripide,
447 2168 676 2250 Eratosthene,
703 2169 837 2236 Mnasea
859 2169 1040 2236 lectitatum
1070 2185 1140 2235 osse
1169 2184 1281 2248 cogno-

248 2288 361 2336 vimus.

743 2529 786 2594 Π.

333 2681 529 2747 Herodotum
552 2681 819 2764 logogrophorum
849 2682 947 2748 libros
978 2681 1056 2746 nihil
1079 2698 1206 2746 curasse
1228 2682 1284 2766 qui

248 2789 391 2852 statuere
414 2785 591 2864 voluerunt,
613 2783 722 2887 confisi
743 2793 819 2850 sunt
840 2785 975 2851 maxime
996 2785 1206 2869 despicientia
1227 2782 1285 2849 ho·

249 2907 318 2954 rum
342 2894 506 2954 auctorum
536 2906 631 2972 quarn
664 2895 696 2955 et
720 2889 923 2972 Thucydides
946 2895 979 2954 et
1003 2889 1184 2956 Herodotus
1206 2909 1284 2971 prae

247 3009 282 3056 se
302 2988 418 3057 ferunt.
460 2990 571 3073 Neque
593 2990 661 3057 fieri
683 2991 790 3074 potuit
819 3009 891 3058 cum
921 2998 1056 3073 uterque
1079 2991 1282 3057 historiarum
1388 3005 1390 3010 ’

248 3091 384 3173 scriptor
407 3092 619 3159 nobilissimus
640 3101 822 3176 contemptu
845 3094 983 3177 quodam
1014 3100 1047 3160 et
1075 3095 1143 3158 risu
1165 3093 1285 3172 ineos,

249 3196 303 3278 qui
326 3195 486 3278 prioribus
504 3195 701 3279 temporibus
716 3195 868 3262 historias
882 3194 1048 3262 fabulasre
1063 3197 1180 3262 litteris
1196 3216 1284 3263 man·

249 3301 365 3365 darant
387 3299 583 3382 despiceret,
613 3315 684 3365 cum
707 3306 839 3380 uterque
861 3300 892 3364 in
915 3298 1067 3365 librorum
1090 3299 1284 3367 confectione

249 3402 339 3468 aeid
361 3403 496 3468 maxime
518 3420 645 3485 operam
668 3402 795 3468 dedisse
810 3401 1016 3486 profiteretur
1039 3410 1084 3485 ut,
1107 3422 1189 3486 quae
1211 3423 1283 3471 nar·

249 3525 320 3572 rare
341 3505 456 3582 vellet,
478 3524 517 3570 ea
538 3505 579 3571 ab
601 3505 656 3587 iis,
686 3505 741 3587 qui
764 3523 870 3572 coram
893 3506 1049 3572 vidissent
1070 3507 1283 3574 audivissent·

249 3627 311 3691 que
332 3608 521 3690 comperiret
542 3606 660 3674 litteris
684 3608 732 3672 rel
754 3607 909 3672 communi
932 3606 1018 3675 fama
1036 3609 1282 3691 haudquaquam

248 3709 349 3776 herm
370 3745 413 3757 -
433 3708 502 3777 fieri
524 3727 585 3774 non
607 3713 723 3792 potuit,
747 3710 827 3790 dico,
851 3710 927 3791 quin
949 3711 981 3775 in
1000 3711 1210 3793 suspicionem
1226 3710 1282 3774 ad·

250 3814 442 3879 ducerentur
463 3811 653 3896 logographi
674 3812 820 3896 plurimis
843 3814 1062 3880 recentiorum.
1105 3813 1219 3897 Itaque
1240 3849 1282 3860 -

250 3916 442 3983 accedebant
464 3915 547 3983 enim
571 3916 712 3984 nonnulli
734 3917 822 3999 apud
841 3915 1029 3984 Strabonem
1042 3919 1071 3996 ¹)
1093 3919 1127 3982 et
1142 3913 1282 3982 Clemen-

337 4143 368 4229 1)
394 4144 499 4204 Strabo
528 4142 546 4202 I
577 4163 607 4228 p.
632 4147 671 4203 34
693 4145 731 4208 A.
761 4144 807 4210 ed,
830 4144 955 4206 Kramer
985 4163 1014 4225 p.
1039 4147 1089 4202 al.
1134 4135 1281 4228 πρώτιστα
