3120 4888
679 512 893 579 „15-

354 686 424 751 Iam
447 687 610 765 renotat,
643 702 725 766 quae
746 703 785 750 ex
807 683 951 767 reliquiis
973 688 1039 749 tam
1062 687 1171 765 paucis
1193 686 1308 754 afferre

268 789 370 868 licuit,
392 807 534 855 summae
555 785 773 869 praestantiae
787 787 983 869 argumentis
1005 786 1084 853 satis
1107 788 1305 855 demonstra·

272 901 339 957 tum
362 909 433 958 esse
455 897 552 973 puto,
582 890 694 975 quanti
723 889 888 956 faciendus
917 889 960 954 rit
989 890 1222 972 topographus,
1252 891 1307 974 qui

271 995 404 1076 perinde
425 1013 463 1060 ae
485 993 618 1059 Graecis
647 993 766 1059 litteris
789 993 996 1059 barbarorum
1027 991 1143 1075 linguis
1165 993 1308 1059 imbutus

272 1096 366 1161 Asiae
387 1101 490 1161 terras
512 1097 552 1162 ab
569 1096 681 1162 Ionum
697 1095 825 1162 sedibus
850 1097 892 1161 ad
915 1095 1108 1161 Mattianum
1130 1096 1308 1178 permeavit

271 1199 374 1265 lacum
405 1199 544 1265 locorum
576 1204 709 1278 natura,
740 1199 881 1278 gentium
913 1197 1052 1264 moribus
1083 1199 1308 1279 cognoscendis

270 1319 372 1382 aeque
394 1300 545 1367 intentus.
589 1300 700 1367 Nonne
730 1299 844 1366 merito
873 1301 901 1367 is
930 1301 971 1367 ab
994 1301 1206 1367 Eratosthene
1237 1301 1307 1367 lau·

270 1405 366 1470 datus
396 1404 471 1470 est?
534 1403 646 1469 Nonne
678 1403 748 1469 iure
787 1419 858 1468 eum
896 1404 927 1468 in
966 1421 1159 1469 summorum
1197 1409 1306 1470 aucto-

270 1526 340 1572 rum
371 1526 502 1573 numero
531 1506 747 1590 reponendum
779 1523 848 1572 esse
877 1505 1001 1572 censuit
1022 1505 1193 1588 Dionysius
1215 1505 1305 1572 Hali-

271 1611 507 1678 carnassensis?
550 1608 635 1687 Quid
657 1608 756 1690 igitur
777 1627 892 1675 causae
914 1615 979 1689 est,
1001 1624 1057 1674 cur
1078 1608 1206 1691 Ephoro
1228 1609 1306 1676 fides

271 1732 330 1778 non
359 1713 517 1780 habeatur
552 1709 740 1780 testificanti
773 1711 895 1776 Xanthi
923 1710 1039 1778 librum
1066 1711 1306 1778 incitamentum

269 1815 366 1883 fuisse
389 1817 552 1882 Herodoto
565 1817 606 1897 ¹),
629 1832 701 1880 cum
714 1813 864 1880 Xanthus
886 1815 918 1880 in
940 1813 1146 1880 historiarum
1170 1817 1304 1881 conscri-

178 1909 181 1915 ’
269 1919 442 1985 bendarum
470 1925 542 1983 arte
571 1923 605 1985 et
634 1918 759 1984 ratione
787 1923 844 1983 aut
876 1934 936 1981 non
966 1916 1102 1982 multum
1136 1922 1193 1982 aut
1226 1917 1305 1982 nihil

193 2050 195 2055 ·
272 2023 397 2087 omnino
419 2022 583 2087 Herodoto
606 2021 737 2086 cessisse
760 2021 933 2086 videatur?

356 2124 433 2191 (ium
455 2124 578 2190 Xanthi
600 2124 751 2206 Lydiacis
773 2123 895 2190 Nicolai
918 2123 1108 2188 Damasceni
1140 2139 1220 2206 opus
1251 2141 1304 2187 ne-

269 2228 462 2294 cessitudine
494 2227 633 2310 quadam
672 2227 872 2292 coniunctum
912 2244 981 2292 esse
1012 2225 1202 2292 Greuzerus·
1218 2225 1305 2292 haud

268 2331 392 2398 levibus
413 2330 605 2396 testimoniis
619 2328 782 2412 probavit3
806 2329 860 2412 qui
883 2347 953 2394 cum
970 2327 1166 2410 Stephanum
1182 2327 1304 2410 Byzan·

182 2475 185 2484 .
270 2432 348 2498 tium
371 2434 499 2514 saepius
522 2433 632 2498 eadem
660 2435 699 2498 eir
721 2433 888 2514 utriusque
910 2432 1050 2497 auctoris
1072 2430 1163 2497 libris
1186 2429 1304 2496 referre

269 2535 317 2612 (ir.
341 2537 391 2616 15,
412 2536 469 2620 23)
502 2541 647 2602 cerneret
680 2542 713 2600 et
744 2533 1015 2601 animadverteret
1036 2533 1164 2599 Xantho
1186 2533 1305 2614 deberi,

268 2637 418 2720 Dionysio
441 2636 722 2704 Halicarnassense
752 2636 874 2722 (Antiq.
896 2637 923 2717 Ι,
946 2638 1001 2716 28)
1032 2642 1131 2717 teste,
1162 2655 1244 2718 quae
1266 2655 1304 2700 ex

268 2740 393 2807 Nicolai
414 2741 505 2807 libris
528 2742 699 2824 desumpta
726 2759 750 2806 s.
773 2760 802 2806 u.
829 2735 992 2826 Τόῤῥηβος
1014 2758 1033 2803 a
1055 2738 1216 2820 Stephano
1239 2757 1304 2804 me·

270 2841 388 2908 moriae
409 2845 596 2925 produntur,
618 2845 742 2910 censuit
762 2842 929 2909 Nicolaum
946 2842 1067 2907 Xanthi
1088 2842 1230 2924 Lydiaca
1253 2860 1304 2906 ex·

270 2945 434 3026 scripsisse
464 2946 513 3011 vel
542 2947 649 3028 potius
677 2945 951 3027 transscripsisse,
983 2962 1174 3027 operamque
1205 2944 1302 3019 dedit,

268 3053 305 3113 ut
327 3067 408 3130 qnae
430 3067 469 3113 ex
490 3048 612 3115 Nicolai
634 3047 822 3131 fragmentis
851 3048 951 3114 reteri
976 3046 1172 3131 logographo
1202 3045 1303 3112 tribu·

266 3151 348 3216 enda
370 3160 476 3218 essent
497 3157 664 3219 statueret.
710 3153 850 3231 Quorum
873 3152 903 3216 ei
924 3151 1060 3217 alterum
1082 3185 1125 3198 -
1147 3149 1301 3226 ratironcm

269 3251 464 3319 intercedere
493 3255 654 3338 quandam
683 3255 767 3320 inter
788 3254 910 3320 Nicolai
942 3259 974 3318 et
996 3253 1118 3318 Xanthi
1140 3271 1238 3334 opera
1259 3285 1302 3298 -

267 3354 358 3420 facile
379 3359 501 3422 assensi
524 3362 615 3439 sunt,
644 3357 698 3441 qui
721 3363 795 3438 post
816 3375 887 3422 eum
913 3355 1101 3422 Damasceni
1122 3353 1302 3436 fragmenta

268 3462 485 3525 tractaverunt
507 3460 569 3525 riri
591 3459 765 3525 doctissimi
789 3457 981 3537 Welckerus,
1004 3456 1112 3536 Orelli,
1135 3456 1301 3539 hidlleruS,

265 3559 297 3624 in
314 3560 416 3627 altero
435 3568 543 3628 autern
562 3582 672 3630 omnes
694 3581 795 3645 paene
816 3561 900 3627 inter
921 3580 955 3628 se
972 3562 1205 3639 dissenserunt3
1227 3577 1300 3624 nam

263 3662 346 3730 alius
377 3664 441 3732 alia
462 3663 628 3730 Nicolaum
660 3684 698 3730 ex
720 3663 850 3730 Xantho
873 3665 1016 3730 hausisse
1045 3660 1164 3744 voluit,
1194 3663 1242 3728 ita
1264 3668 1300 3727 ut

263 3766 316 3830 vix
337 3785 435 3832 unum
457 3768 521 3834 iam
543 3773 649 3833 exstet
670 3766 883 3850 fragmentum
905 3766 1047 3848 Nicolai‚
1068 3767 1153 3848 quod
1176 3785 1214 3832 ex
1236 3766 1299 3848 Ly-

349 3956 380 4036 1)
402 3959 451 4018 Ita
473 3959 693 4018 Dahlmannus:
724 3959 860 4018 Herodot
891 3978 920 4034 p.
950 3961 1025 4030 121,
1058 3957 1110 4037 qui
1134 3956 1198 4016 sinc
1221 3957 1299 4016 iusta

261 4061 349 4102 causa
364 4044 476 4120 Ephori
493 4045 672 4104 sententiam
694 4044 864 4103 indubium
879 4044 1000 4104 vocavit
1020 4043 1093 4122 (qua
1115 4043 1151 4102 de
1173 4061 1209 4101 re·
1227 4044 1298 4103 vide

260 4129 340 4188 infra
360 4149 391 4205 p.
415 4135 454 4188 26
482 4133 558 4210 sqq.)
581 4130 674 4191 verba
696 4130 759 4188 eius
788 4129 880 4207 (apud
901 4130 1090 4188 Athenaeum
1113 4128 1178 4186 XII
1206 4149 1232 4188 c.
1262 4134 1296 4186 ll

259 4234 290 4290 p.
315 4219 374 4274 515
398 4214 439 4292 D)
461 4209 514 4285 τὰς
536 4206 682 4295 ἄφορμᾶς
705 4205 821 4277 διδόναι
843 4215 966 4274 reddere
988 4214 1093 4276 voluit.
