3120 4888
634 461 846 529 ..25-

224 634 308 712 Quid
331 633 414 702 enim
436 638 487 701 est
508 651 565 700 cur
587 651 738 718 negemus
759 634 819 700 hoc
846 635 886 700 de
909 634 1024 701 croeso
1045 634 1259 718 fragmentum

224 757 284 802 non
308 737 338 802 ei
359 737 492 816 auctori,
515 737 567 803 cui
589 741 696 805 cetera
710 738 750 803 de
772 737 871 819 Lydis
892 736 1071 820 fragmenta
1088 737 1260 804 tribuenda

223 846 298 906 sunt
320 875 361 888 -
384 839 522 919 Xantho,
545 840 602 905 sed
632 839 661 905 ei
683 839 793 906 deberi
814 839 999 922 posterioris
1021 840 1138 906 aetatis
1159 840 1259 922 scrip-

224 942 299 1022 tori,¹
317 961 410 1025 quem
432 943 464 1007 in
488 941 564 1023 Gyri
585 939 719 1007 historia
746 941 906 1008 narranda
927 941 1072 1022 sequitur
1085 941 1259 1008 Nicolaus?

224 1045 275 1112 Sic
296 1044 399 1126 igitur
419 1045 535 1111 sentio:
559 1045 663 1110 tribus
685 1043 736 1126 60,
755 1045 807 1125 67,
824 1044 866 1110 70
887 1045 1029 1128 exceptis
1049 1044 1164 1127 omnia,
1188 1045 1258 1125 qui·

224 1147 283 1212 bns
305 1166 357 1213 res
379 1167 399 1212 a
420 1146 520 1230 Lydis
542 1151 652 1228 gestae
674 1151 867 1226 unguntur,
889 1145 1013 1214 Nicolai
1033 1145 1214 1227 fragmenta
1241 1166 1259 1212 e
1365 1173 1367 1178 ·

97 1275 101 1281 ·
223 1249 346 1316 Xanthi
368 1250 518 1333 Lydiacis
548 1250 715 1331 desumpta
746 1254 778 1314 et
805 1267 912 1314 eorum
935 1248 1078 1331 reliquiis
1107 1254 1182 1314 sunt
1212 1249 1260 1313 in-

222 1353 366 1418 serenda.
396 1387 439 1397 -
479 1351 561 1417 Sunt
591 1350 787 1432 fragmenta:
825 1351 876 1430 17,
899 1351 949 1430 18,
973 1351 1024 1430 20,
1051 1351 1102 1430 22,
1125 1351 1178 1432 23,
1206 1351 1259 1434 48,

224 1454 530 1642 {lipsfflissiihapm
552 1451 751 1522 Dindorfium
786 1453 952 1534 (Historici
975 1453 1090 1521 Graeci
1112 1453 1258 1520 minores.

651 1889 654 1894 ,
714 1816 775 1882 ΠΙ.

311 1971 426 2035 Restat
448 1974 485 2035 nt
507 1970 547 2034 de
566 1971 690 2036 ratione
711 1988 793 2052 quae
815 1970 900 2036 inter
915 1970 1069 2036 Herodoti
1091 1974 1125 2037 et
1139 1971 1261 2038 Xanthi

223 2072 321 2137 libros
349 2072 565 2138 intercessisse
595 2073 731 2152 dicitur,
769 2072 846 2154 quid
876 2074 1082 2138 statuendum
1116 2075 1175 2153 sit,
1197 2093 1260 2139 ex-

224 2174 351 2257 plorare
374 2191 531 2241 conemur.
586 2175 685 2242 Cuius
707 2175 903 2258 quaestionis
925 2193 996 2241 cum
1018 2174 1260 2242 fundamentum

224 2278 269 2343 sit
289 2275 448 2342 Athenaei
470 2276 558 2344 locus
591 2277 755 2371 (XIIJcap.
780 2278 829 2356 11,
858 2299 890 2361 p.
911 2276 976 2344 515
998 2278 1041 2358 D)
1072 2273 1214 2364 Ἔφορος
1239 2271 1258 2344 ὁ

228 2376 429 2465 συγγραφεὺς
450 2374 641 2464 μνημονεύει
663 2371 761 2446 αὐτοῦ
793 2380 941 2466 (Xanthi)
973 2373 1019 2457 ὡς
1041 2377 1261 2466 παλαιοτέρου

223 2475 320 2558 ὄντος
340 2479 398 2546 καὶ
414 2475 584 2570 Ἡροδότῳ
606 2482 669 2558 τὰς
693 2474 848 2568 ἀφορμὰς
869 2477 1101 2566 δεδωκότοςῑ),
1122 2483 1260 2564 primum

225 2585 319 2650 nobis
344 2585 602 2666 investigandum
623 2584 768 2666 videtur,
795 2585 907 2668 quanti
927 2583 1108 2652 iaciendum
1139 2584 1263 2652 sithoc

224 2687 346 2770 Ephori
370 2687 597 2754 testimonium.

311 2844 340 2920 1)
363 2843 409 2902 Ne
425 2844 496 2923 quid
512 2845 702 2920 neglegentia
716 2845 904 2921 praeteriisse
919 2845 1030 2916 videar,
1046 2844 1201 2904 Benedicti
1224 2844 1260 2902 de

224 2929 281 2987 hoc
309 2929 374 2988 loco
404 2929 494 2987 nimis
524 2936 657 3004 argutam
687 2930 864 2989 sententiam
888 2948 1051 3007 apponam,
1082 2948 1260 3010 quamquam

222 3035 283 3074 non
304 3015 416 3074 multos
436 3015 469 3074 iu
492 3033 557 3074 eam
578 3015 786 3093 procubituroe
808 3034 880 3075 esse·
895 3034 992 3092 spero.
1046 3015 1107 3076 Hie
1139 3015 1177 3074 in'
1201 3015 1260 3075 dis·

224 3101 386 3161 sentations
408 3101 464 3173 „de
490 3101 617 3161 oraculis
639 3103 676 3161 ab
692 3102 845 3161 Herodoto
861 3101 1116 3162 commemoratis“
1138 3102 1260 3162 Bonnae

226 3187 304 3245 1871
330 3205 360 3262 p.
378 3189 416 3244 14
432 3206 476 3266 sq.
500 3188 615 3263 profert
630 3189 720 3247 haec:
742 3187 853 3260 „miror
875 3187 989 3245 nullum
1011 3187 1108 3246 adhuc
1129 3187 1260 3246 animum

222 3271 386 3334 advertisse
413 3277 507 3332 totam
537 3272 595 3332 loci
618 3279 797 3333 structuram
818 3272 908 3333 talem
938 3290 1002 3331 esee
1026 3278 1059 3330 ut
1078 3272 1178 3330 facere
1199 3291 1260 3330 non

221 3357 370 3434 possimus
392 3358 466 3434 quin
483 3357 591 3418 vitium
607 3364 788 3431 statuemus3
810 3357 884 3416 illud
900 3357 980 3417 enim
996 3361 1162 3416 extremum
1186 3377 1259 3432 μνη-

223 3435 344 3518 μονεύει
367 3435 460 3501 αὐτοῦ
482 3464 510 3502 κ.
531 3464 555 3502 r.
576 3445 600 3504 7.
622 3444 711 3504 valde
741 3443 814 3502 mihi
842 3443 962 3505 videtur
992 3444 1149 3502 obscurum
1179 3459 1260 3502 ense:

223 3546 292 3587 nam
314 3528 441 3604 primum
465 3547 523 3608 quo
546 3535 661 3606 spectet
682 3521 777 3588 αὐτοῦ
806 3528 883 3586 nihil
915 3529 1000 3588 docet
1027 3527 1086 3586 nisi
1108 3533 1171 3588 tote
1193 3547 1260 3588 sen-

222 3613 335 3688 teutia3
357 3615 547 3674 referendum
569 3621 615 3675 eet
636 3616 672 3674 sd
688 3615 868 3687 ‘Xanthum3
897 3619 961 3673 tum
984 3617 1083 3673 autem
1104 3616 1197 3676 verbe
1219 3604 1260 3684 οἷς

223 3694 411 3777 παλαιοτέροι
435 3691 522 3768 ὄντος
543 3720 571 3759 τ.
589 3721 613 3760 τ.
634 3702 657 3762 i.
687 3700 857 3776 significant
878 3699 955 3758 nihil
984 3699 1065 3758 aliud
1096 3699 1154 3759 nisi
1176 3700 1260 3758 Xen-

222 3787 308 3844 thum
339 3785 482 3844 maiorem
515 3805 579 3845 esse
609 3787 728 3862 Ephoro
759 3791 790 3845 et
820 3785 974 3844 Herodoto
1005 3803 1106 3844 ausam
1135 3785 1260 3844 dedisse.

223 3871 363 3947 Ephorus
384 3891 456 3932 vero
479 3876 510 3931 et
524 3872 695 3932 Herodotus
718 3877 788 3931 sunt
810 3876 907 3930 aetate
922 3871 1010 3946 plane
1026 3870 1144 3932 diversi.
1188 3871 1259 3930 Per-

224 3975 342 4016 suasum
365 3957 439 4015 mihi
462 3964 508 4016 est
528 3958 683 4034 Ephorum
709 3957 792 4016 nullo
815 3958 901 4016 modo
925 3956 1103 4016 sententiam
1126 3962 1186 4016 tam
1209 3957 1260 4015 ob-

222 4061 338 4102 scuram
360 4047 391 4104 et
405 4042 573 4120 ambiguum
596 4041 693 4123 qualis
716 4048 762 4103 est
783 4043 861 4120 apud
876 4042 1065 4103 Athenaeum
1087 4041 1185 4102 dicere
1208 4061 1260 4120 po-

222 4128 347 4189 tuisse“.
