3120 4888
597 506 869 573 -17-.

355 679 505 741 Xanthus.

188 801 282 878 θῆναι
305 795 335 869 ἒς
356 819 390 859 το
383 793 524 858 Λυδῶν
546 789 673 901 οίγαθόν.

188 880 277 946 ducti
305 881 406 988 γέγοηε
435 881 485 943 καί
514 875 600 944 ἐν’
569 903 675 943 ευποτ-

188 970 240 1053 μία
276 967 327 1030 καί
365 965 543 1052 εὐδαιμονία
581 969 675 1052 πολλῇ

188 1055 302 1136 διῆγον.

229 1281 282 1340 Fr.
305 1284 354 1339 11.
385 1271 424 1338 ‘H
451 1274 483 1338 δὲ
512 1271 676 1380 Ἀτεργάτις

188 1357 287 1442 ω’σκερ
303 1359 425 1435 Ξάνθος
439 1357 547 1444 λίγεια
560 1359 675 1438 Λυδός,

188 1443 248 1508 tino
241 1444 386 1526 Μόψου
401 1470 454 1509 του
440 1449 572 1510 Λυδου
587 1443 677 1510 αλοῦ-

188 1553 242 1608 σα,
276 1534 496 1612 κατεποντίσθη
528 1528 600 1612 μετά
625 1529 675 1613 Ἰχ·

189 1615 267 1690 θύος
293 1622 347 1680 τοῦ
379 1619 449 1681 υίοῦ
483 1620 513 1681 ἐν
542 1624 578 1726 τῇ
607 1619 675 1725 περὶ

187 1699 356 1766 Ἀσκάλωνα
396 1707 484 1810 λίμνη
527 1703 577 1767 δια
622 1702 676 1785 τὴν

188 1785 292 1872 ὕβριν,
319 1788 370 1851 καί
394 1784 453 1851 tuo*
477 1795 537 1852 τοῖν
560 1787 675 1872 ίχθόων

187 1871 375 1958 κατεβρώθη

232 2101 281 2160 Fr.
302 2107 347 2161 12.
372 2097 496 2170 Ξάνθος
511 2097 543 2161 δὲ
567 2099 598 2162 ἐν
613 2106 675 2172 τοῖς

188 2184 372 2258 Λυδιακοῖς,
403 2181 567 2264 Κάμβληια
589 2185 674 2264 φησί,

185 2265 237 2330 τόν
251 2267 466 2348 βασιλεύσαντα
481 2273 605 2346 Λυδῶν,
621 2295 674 2334 τοο-

186 2352 323 2456 λυφάγον
344 2356 484 2437 γενέσθαι
509 2357 560 2418 καί
584 2363 672 2419 κολυ-

187 2436 282 2518 πότην
311 2440 353 2504 ἔτι
379 2439 411 2503 tii
441 2443 673 2548 γαστρίμαρ·

186 2547 284 2629 γον·
308 2531 415 2588 τοῦτον
443 2518 499 2588 οὖν
529 2525 657 2589 ποτὲ
622 2552 674 2607 της

185 2605 294 2684 νυκτός
322 2609 377 2690 τὴν
407 2611 515 2674 ἑαυτοῦ
548 2620 674 2696 γυναῖκα

185 2695 501 2779 κατακρεουργήσαντα
552 2724 672 2762 κατα-

188 2789 365 2887 φαγεῖν·
389 2783 490 2845 ἔπειτα
512 2786 603 2864 πρωῒ,
627 2781 673 2847 εὖ·

188 2864 278 2947 ρόντα
300 2863 354 2946 τὴν
367 2874 450 2949 χεῖρα
465 2874 516 2948 τῆς
532 2867 673 2951 γυναικός

779 1281 829 1340 Fr.
845 1285 893 1340 18.
922 1269 1102 1356 ,Μόψος
1084 1301 1100 1339 ο
1122 1271 1225 1350 Λυδός

737 1409 745 1426 .
762 1411 769 1426 .
786 1409 792 1422 .
809 1409 815 1424 .
834 1367 925 1424 ταῦτα
948 1361 980 1426 δὲ
994 1358 1110 1464 κράξας
1132 1353 1224 1435 αὖθις

737 1444 842 1509 ἐισί
808 1473 863 1528 την
886 1445 1012 1529 Κροίβον
1040 1445 1145 1526 ἐστάλη
1172 1447 1224 1509 καί

736 1530 831 1635 πρλδν
852 1531 959 1615 χρόνον
991 1530 1086 1613 αὐτην
1107 1539 1224 1615 πολιορ-

735 1615 830 1698 κήσας
874 1613 930 1681 εἷλε
973 1619 1024 1682 καὶ
1061 1617 1223 1724 ἐπόρθησε,

736 1700 806 1778 τσός
837 1702 870 1767 δε
891 1698 1078 1812 άνθροότισνς
1109 1699 1204 1779 είς
1170 1729 1225 1782 την

736 1787 860 1869 κλήσιον
890 1787 1045 1894 λίμνην’
1026 1787 1145 1874 αγαγοίν
1174 1783 1223 1854 σία

737 1870 849 1949 οίθίους
871 1872 1045 1941 ἔτιόντωσεν.

779 2103 830 2164 Fr.
863 2111 913 2164 22.
948 2095 1017 2162 Ὅτι
1052 2100 1224 2179 Καμβλίτας

736 2183 872 2264 βασιλεδς
887 2187 1013 2258 Λυδίας.
1051 2189 1157 2246 τοῦτον
1178 2184 1222 2246 λέ·

735 2269 1222 2377 γεταιοίίτωγαστρίμαργον

735 2354 858 2462 σφόδρα
888 2358 1027 2440 γενέσθαι
1061 2353 1134 2419 όίστε
1169 2356 1221 2417 καὶ

734 2467 788 2524 την
819 2437 913 2507 αότοῦ
951 2448 1077 2526 γυναῖκα
1113 2436 1221 2504 ἐπιθό-

735 2533 1112 2634 σαντακαταφαγεῖγ·
1130 2521 1221 2600 αότδς

733 2612 766 2696 γὲ
798 2639 873 2718 μην,
905 2610 1012 2679 ἔαυτόν
1042 2607 1179 2688 δόξας
1159 2609 1219 2675 υτιδ

734 2696 903 2778 φαρμάκων
933 2694 1124 2780 βεβλάφθαι,
1149 2717 1220 2760 πε-

733 2781 927 2866 ριβοητον
955 2789 1025 2847 τοῦ
1047 2783 1221 2867 πράγμα-

733 2894 797 2944 τος
824 2869 1041 2953 γενομένου
1182 2862 1221 2932 εί-

189 2951 672 3103 ίντμέστόματι,ἕαυτονοἰοτο-
733 2979 788 3018 κεν
814 2999 1218 3019 ................

187 3036 283 3115 σφοί
271 3037 673 3122 ἓαιπεροβοητοντῆς
733 3045 825 3103 ταῦτα
869 3035 950 3102 εἶπεν
988 3038 1039 3102 καὶ
1080 3034 1221 3123 δράντοον

186 3121 366 3206 πράξεως
388 3126 607 3209 γενομένης.
732 3122 852 3287 γνόντων
874 3122 1015 3189 ἑαυτόν
1038 3122 1221 3205 ἀπέσφα-

757 3235 796 3274 εν

255 3467 325 3534 Fr.
350 3471 390 3538 15
413 3471 459 3538 St.
482 3469 575 3555 Byu:
598 3466 809 3556 Λυκοσθὲνη,
832 3468 933 3548 πόλις
955 3461 1111 3544 Λυδίας·
1134 3461 1221 3540 Ξάν-

185 3574 251 3650 θος
271 3568 388 3660 πρώτη
409 3573 591 3642 Λυδοακαιν
613 3595 621 3611 ·
643 3567 682 3664 ἣν
702 3571 759 3640 καὶ
782 3569 1035 3642 Λυκσσθένοοαν
1057 3565 1221 3648 Νικόλαός

187 3696 286 3762 φησιν
307 3699 337 3742 κ.
359 3700 387 3743 τ.
409 3677 438 3744 λ.

281 3778 455 3862 Thylonem
485 3782 642 3864 quendam
665 3781 813 3848 Xanthus
842 3757 1035 3866 ιοοιοοερνίί
1056 3777 1089 3845 in
1120 3777 1222 3860 primo

186 3881 252 3948 hist
238 3883 392 3949 turiurum
414 3885 496 3951 libro
509 3885 557 3969 ¹),
578 3886 664 3951 unde
685 3882 844 3967 intellegit
845 3902 884 3948 ur
905 3881 1021 3950 vixisse
1043 3899 1115 3946 eum
1138 3880 1222 3947 anti·

274 4095 301 4169 1)
325 4094 442 4169 Fragm.
469 4097 528 4154 162¹
553 4092 693 4152 Xanthus
715 4091 905 4151 historiarum
929 4095 1031 4151 κιτρίον
1062 4089 1094 4149 in
1125 4089 1221 4167 primo

187 4195 288 4238 earum
311 4180 413 4254 tradit,
435 4179 563 4240 occisum
585 4177 721 4240 draconis
742 4177 871 4238 catulum
886 4184 1057 4238 revocatum
1079 4177 1115 4236 ad
1130 4175 1221 4239 vium
