3120 4888
720 503 933 568 ...36-

312 675 505 759 explicandis
527 673 603 759 Cyri
624 679 681 739 aut
702 672 817 740 Xerxis
844 690 944 754 genus
974 673 1137 755 proditur,
1167 691 1258 756 reges
1285 693 1347 739 non

313 779 472 858 aPerseo,
498 779 557 844 sed
579 778 620 844 ab
644 775 842 843 Achaemena
863 775 925 840 6111
948 794 1017 842 6666
1040 776 1197 841 dicuntur.
1241 777 1348 860 Atque

313 901 353 947 ne
375 882 422 946 ita
444 880 570 962 quidem
594 880 634 946 de
662 880 737 962 Cyri
759 897 819 944 avo
841 896 947 944 secum
971 879 1128 943 consentit
1153 878 1347 960 Herodotum

314 1001 449 1064 namque
465 1000 536 1048 cum
552 982 622 1061 VH,
647 982 681 1044 11
708 980 782 1062 Gyri
806 987 934 1062 patrem
952 981 1151 1064 Cambysem,
1174 980 1348 1064 ’161661611-

312 1087 401 1165 lium,
423 1084 522 1151 fuisse
537 1086 691 1164 traderet,
714 1083 834 1150 oblitus
849 1087 899 1148 est
914 1102 947 1149 ue
963 1084 1066 1165 ipsum
1083 1103 1230 1150 narrasse
1244 1085 1270 1164 Ι,
1287 1085 1347 1150 111

316 1189 433 1271 Cyrum
457 1207 476 1253 6
493 1186 649 1268 cambyse
665 1185 740 1268 Gyri
761 1184 826 1252 filio
842 1204 911 1252 esse
926 1191 1044 1262 natum,
1068 1203 1149 1268 qnae
1170 1205 1222 1253 res
1244 1189 1351 1253 sanari

316 1291 401 1355 nullo
423 1291 515 1355 modo
538 1293 661 1371 potest3
692 1306 829 1371 namque
859 1288 955 1354 etiam
984 1289 1016 1353 in
1046 1290 1151 1354 titulis
1180 1308 1280 1371 nuper
1300 1309 1350 1356 re-

316 1393 426 1474 pertis,
447 1391 549 1456 611616
572 1391 655 1474 Cyri,
678 1391 779 1456 altero
801 1390 915 1470 Darei,
937 1394 1108 1471 utrumque
1131 1409 1240 1457 nomen
1263 1393 1351 1458 inve·

312 1495 403 1560 'nitur
417 1493 492 1578 Cyri
507 1512 565 1559 aro
581 1494 774 1576 impositum,
793 1511 831 1556 ex
846 1510 909 1573 quo
924 1491 1017 1558 facile
1031 1494 1214 1576 perspicias,
1230 1502 1351 1578 quanta

316 1599 349 1662 in
372 1596 576 1662 historiarum
600 1594 792 1662 confectione
814 1596 920 1661 nescio
952 1601 1057 1660 utrum
1091 1595 1154 1662 fide
1183 1617 1222 1662 an
1246 1599 1352 1680 negle-

317 1699 426 1782 gentia
446 1698 545 1765 fuerit
566 1698 749 1764 Herodotus
778 1704 812 1763 et
833 1715 929 1779 quam
951 1702 1117 1778 accurate,
1139 1719 1230 1782 quem
1254 1701 1353 1767 habe·

319 1802 375 1868 bat
397 1806 557 1867 auctorem
586 1803 616 1867 in
641 1801 736 1867 rebus
758 1801 927 1866 narrandis
959 1807 1087 1868 secutus
1116 1821 1187 1868 6666
1217 1804 1259 1869 611
1292 1822 1353 1885 pu-

318 1904 445 1970 tandus.

405 2005 566 2088 Tertium,
598 2007 684 2088 quod
705 2024 789 2072 nunc
811 2012 1005 2088 apponatur,
1036 2009 1214 2090 exemplum
1237 2010 1278 2073 ad
1302 2029 1355 2076 res

319 2110 480 2194 Lydorum
503 2127 560 2175 nos
581 2109 681 2175 reicit.
726 2110 795 2174 Iam
818 2109 872 2174 elii
895 2109 1003 2175 mirati
1026 2117 1117 2192 sunt,
1143 2113 1229 2191 quod
1251 2112 1354 2177 Hero-

319 2213 413 2278 dotus
434 2212 460 2291 I,
483 2213 501 2277 7
525 2211 667 2293 referret,
690 2211 878 2277 Heraclidas
900 2231 1049 2294 regnasse
1075 2232 1133 2294 per
1156 2215 1355 2295 vigintiduo

320 2314 480 2410 hominum
505 2333 630 2396 genera,
652 2315 841 2396 quingentos
864 2315 1003 2395 quinque
1026 2334 1134 2396 annos,
1158 2319 1241 2396 quod
1264 2336 1356 2399 pror·

321 2436 376 2483 sus
392 2416 574 2498 obloquitur
588 2417 655 2482 loco
671 2417 834 2483 notissimo
850 2416 923 2482 libri
939 2418 1070 2482 secundi
1086 2420 1149 2500 (cp.
1167 2419 1244 2500 142)
1265 2443 1356 2504 τριη-

322 2515 420 2585 κόσια
448 2517 508 2603 μὲν
537 2511 664 2605 ἀνδρῶν
694 2517 799 2602 γενεαὶ
829 2517 980 2584 δυνέαται
1009 2515 1110 2607 μύρια
1132 2515 1215 2586 ἔτεα.
1250 2521 1357 2604 γενεαὶ

322 2619 383 2705 γὰρ
406 2625 494 2708 τρεῖς
515 2614 641 2706 ἀνδρῶν
663 2616 778 2686 ἑκατὸν
800 2616 875 2686 abed
897 2618 1003 2701 ἐστιν;
1032 2642 1155 2705 exque
1177 2630 1357 2706 temporum

323 2725 447 2789 ratione
468 2723 655 2790 Heraclidas
678 2724 894 2807 septingentos
916 2725 1049 2808 triginta
1082 2732 1147 2791 tres
1177 2727 1357 2792 616661111-

322 2827 447 2908 perium
469 2827 610 2892 tenuisse
630 2827 813 2894 Herodotus
846 2834 998 2909 reputare
1020 2828 1167 2896 debebat.
1211 2830 1287 2895 Rem
1310 2830 1359 2895 616

325 2928 473 3011 expedire
495 2929 636 2996 Steinius
665 2934 798 2997 conatus
827 2936 877 2996 est
907 2937 943 2995 ut
974 2936 1131 2996 statueret
1158 2931 1358 2999 Herodotum

326 3049 467 3112 errasse,
498 3050 568 3096 cum
597 3031 698 3098 filium
721 3051 847 3115 semper
867 3035 954 3114 patri
983 3035 1015 3098 in
1045 3052 1140 3116 regno
1170 3037 1360 3102 successisse

325 3135 485 3212 traderet,
508 3139 622 3199 testem
653 3137 811 3200 advocans
834 3135 1000 3202 Nicolaum
1021 3135 1269 3218 Damascenum,
1303 3138 1361 3220 qui

325 3235 441 3301 1161166
477 3235 575 3319 Atym
615 3241 649 3302 61
687 3235 807 3319 Gadym
846 3237 1034 3304 Heraclidas
1072 3258 1163 3322 reges
1197 3241 1359 3323 Lydorum

325 3338 422 3404 161666
437 3338 573 3404 doceret.
616 3339 699 3405 Utut
713 3345 764 3406 est
777 3343 818 3422 ¹),
841 3346 977 3423 apparet
991 3340 1189 3408 Herodotum
1212 3343 1271 3409 boo
1288 3342 1360 3409 loco

325 3441 405 3520 6116,
426 3458 464 3506 66
487 3441 536 3506 611
558 3440 697 3522 solebat,
720 3447 898 3526 temporum
922 3445 1044 3512 ratione
1066 3463 1136 3512 esse
1158 3465 1267 3526 usum,
1298 3465 1361 3512 non

327 3577 529 3590 ’.ψ-...-

326 3647 426 3708 verbis
449 3668 509 3707 non
531 3650 680 3722 Perseum,
704 3653 823 3711 heroem
847 3653 1006 3727 Graecum,
1029 3655 1080 3713 aed
1104 3655 1190 3712 deum
1213 3655 1362 3734 quendem

327 3734 518 3811 Assyriorum
540 3734 638 3808 tangi,
669 3737 748 3814 quod
769 3738 829 3796 iem
850 3738 916 3814 ipse
943 3739 1113 3799 Herodotus
1136 3741 1290 3815 cognovit;
1323 3742 1362 3803 of.

328 3819 416 3878 etiam
440 3819 547 3878 Steinii
569 3826 630 3879 not.
654 3822 699 3880 ad.
722 3821 779 3882 166.

417 3903 447 3980 1)
469 3903 591 3980 Obstat,
614 3907 772 3983 quominus
794 3907 906 3967 Stoinio
929 3911 1138 3984 assentiamur,
1169 3911 1248 3990 quod
1271 3910 1363 3970 Nico-

327 3989 392 4048 laus
413 3989 519 4050 iratres
541 4010 601 4049 non
624 3991 749 4050 alterum
770 3999 839 4070 post
860 3995 1002 4070 altorum,
1025 3997 1075 4056 sed
1102 3997 1204 4056 eodem
1226 4001 1365 4072 tempore
1445 3995 1449 4000 ’

327 4080 486 4157 utrumque
507 4094 646 4156 regnasse
668 4079 761 4138 refert
782 4078 830 4156 (fr.
854 4079 917 4160 48).
