3120 4888
719 459 932 526 -48-

311 645 394 710 quaa
408 628 503 694 modo
524 629 628 696 relata
650 634 751 710 erant,
772 629 1049 711 dissoluantur1),
1071 630 1157 712 quod
1179 634 1350 713 propterea

311 732 408 798 etiam
429 731 605 798 mirabilius
627 731 724 797 debet
746 731 862 812 videri,
892 732 967 814 quia
989 739 1064 815 post
1085 732 1161 798 balli
1181 733 1348 808 rationem,

312 852 375 915 qua
396 833 545 916 Alyattes
567 852 634 900 rem
657 852 715 916 per
735 834 882 900 undecim
911 852 1014 900 annos
1036 835 1186 917 gerebat,
1218 841 1349 917 etpost

311 942 601 1018 rerumgestarum
629 936 771 1002 ordinem
801 937 930 1019 copiose
958 937 1149 1019 explicatum
1181 939 1349 1003 edocemur

311 1038 445 1104 istorum
467 1038 612 1105 undecim
636 1056 789 1104 annorum
810 1038 996 1122 Sadyattem
1019 1058 1077 1122 per
1099 1059 1164 1120 sex,
1187 1039 1348 1121 Alyattem

311 1159 370 1223 per
391 1140 530 1223 quinque
553 1159 655 1207 annos
671 1140 815 1208 Milesios
832 1143 929 1208 armis
944 1147 1131 1224 persecutos
1147 1161 1228 1208 esse.
1273 1141 1350 1218 Qui-

311 1243 371 1310 bus
394 1245 560 1326 perpensis
582 1243 615 1310 in
638 1262 709 1309 eam
732 1245 925 1311 sententiam
949 1246 1109 1311 adductus
1130 1263 1210 1324 sum,
1233 1249 1268 1308 nt
1289 1262 1348 1324 pro

312 1348 476 1429 explorato
499 1345 635 1412 habeam
657 1345 858 1412 Herodotum
889 1347 950 1412 hoc
979 1347 1049 1413 loco
1072 1347 1192 1412 Xanthi
1222 1347 1263 1410 de
1284 1346 1349 1410 istc

312 1450 395 1516 bello
418 1449 632 1515 narrationem
656 1449 746 1530 sequi
768 1448 912 1514 noluisse
943 1467 1047 1530 neque
1070 1454 1176 1514 tamen
1200 1449 1269 1514 eius
1292 1465 1349 1526 au·

312 1553 491 1618 ctoritatem
513 1552 594 1618 adeo
610 1552 798 1632 neglexisse,
821 1556 856 1615 ut
871 1556 1049 1634 temporum
1065 1552 1230 1632 rationem,
1252 1567 1347 1632 qnam

314 1674 334 1721 a
348 1654 483 1721 Milesiis
499 1653 722 1736 neglegentius
739 1659 900 1721 servatam
923 1673 995 1720 esse
1011 1660 1126 1735 postea
1140 1652 1349 1735 intellegeret,

313 1777 352 1824 ex
373 1756 441 1822 eius
464 1756 614 1839 Lydiacis
636 1762 762 1839 peteret
790 1762 823 1822 et
845 1775 1079 1839 nonnumquam
1110 1758 1245 1824 adeum
1268 1759 1349 1820 tam·

313 1877 407 1941 quam
430 1877 492 1924 non
515 1864 628 1941 sponte
649 1859 831 1940 respiceret
1246 1848 1248 1852 ’
1330 1845 1334 1852 ’

400 1961 437 2025 In
460 1961 618 2042 capitibus
646 1979 728 2042 quae
762 1968 939 2044 sequuntur
960 1962 1086 2028 26-28
1119 1979 1189 2028 cum
1212 1957 1350 2024 breviter

315 2064 739 2130 commemoraturcroesum
760 2065 855 2130 lones
879 2071 913 2130 et
929 2065 1043 2132 Aeoles
1066 2080 1248 2144 omnesque,
1269 2077 1352 2142 quae

314 2167 394 2233 citra
415 2165 530 2248 Halym
553 2165 683 2232 fluvium
706 2167 738 2232 in
761 2166 839 2232 Asia
861 2167 981 2232 minore
1004 2166 1204 2247 babitarent,
1237 2167 1350 2246 gentes

185 2307 187 2318 ·
314 2273 443 2352 praeter
465 2268 578 2334 Cilices
607 2274 639 2334 et
660 2269 775 2351 Lycius
805 2268 864 2334 sub
886 2270 1054 2351 imperium
1076 2270 1237 2351 Lydorum
1258 2263 1351 2328 rede·

314 2371 418 2454 gissa,
447 2375 516 2436 tum
539 2372 699 2454 copiosius
722 2378 871 2438 narratur
901 2372 1025 2440 facetiis
1049 2371 1162 2439 Graeci
1185 2367 1350 2435 cuiusdam

315 2474 470 2557 sapientis
493 2473 645 2541 Croesum
667 2481 858 2541 commotum
882 2494 970 2558 esse,
1003 2495 1044 2541 ne
1073 2474 1191 2540 bellum
1219 2469 1350 2536 inferret

314 2577 446 2643 Graecis
468 2576 591 2644 insulas
613 2577 833 2644 incolentibus.
878 2578 1090 2656 Quamobrem
1112 2595 1182 2642 cum
1206 2575 1287 2639 duas
1309 2572 1350 2637 de

314 2679 359 2746 eis
382 2679 479 2745 rebus
501 2681 702 2746 narrationes
724 2681 925 2747 Herodotum
948 2681 1149 2747 coniunxisse
1182 2682 1215 2744 et
1234 2695 1292 2759 per
1313 2692 1350 2740 se

314 2781 486 2848 verisimile
508 2782 551 2847 sit
573 2788 605 2848 et
626 2783 700 2850 inde
715 2789 868 2863 sumatur,
890 2785 975 2865 quod
991 2784 1091 2850 tradit
1105 2784 1147 2850 ab
1163 2781 1234 2846 aliis
1250 2779 1351 2846 Grae-

315 2902 385 2950 cum
406 2885 496 2950 illum
519 2886 790 2968 sapientissimum
812 2887 958 2953 Biantem
981 2887 1193 2966 Prienensem
1215 2882 1255 2948 ab
1277 2880 1350 2946 aliis

314 2987 472 3053 Pittacum
494 2988 737 3070 Mytilenensem
769 3007 842 3056 esse
871 2996 1033 3069 vocatum,
1065 2987 1242 3056 existimem
1268 3002 1351 3067 quae

314 3089 419 3154 iubis
443 3089 601 3171 capitibus
631 3091 787 3174 (au-28)
816 3093 857 3158 de
885 3092 1004 3158 Croeso
1033 3089 1205 3158 memoriae
1232 3086 1351 3170 prodit,

315 3191 431 3274 partim
465 3211 482 3257 e
510 3192 632 3259 Xanthi
660 3193 750 3261 libris
781 3194 896 3274 partim
926 3214 944 3260 e
973 3195 1085 3260 Ionum
1114 3190 1350 3261 narrationibus
1392 3202 1397 3210 ’

315 3313 387 3360 eum
409 3295 584 3377 collegisse.

404 3518 434 3598 1)
457 3521 501 3580 Of.
524 3520 630 3581 Stainii
653 3527 714 3582 not
739 3525 774 3582 ad
796 3524 852 3584 loc.
882 3522 980 3583 Verba
1001 3523 1147 3583 Herodoti
1170 3527 1239 3583 sunt
1260 3520 1351 3579 haec:

314 3626 351 3665 τα
342 3596 427 3680 μὲν
449 3606 502 3664 νῦν
531 3602 561 3676 ἕξ
591 3603 655 3666 ἔτεα
685 3609 744 3666 ταῖν
773 3605 878 3668 ἕνδεκα
900 3602 1127 3685 Σαδυάττης
1108 3629 1124 3667 n
1149 3601 1279 3685 ’Ἀρδνυς
1308 3601 1352 3663 ἔτι

316 3678 470 3749 Λυδῶν
450 3709 535 3767 ηρχε,
567 3683 584 3749 δ
613 3689 662 3750 καὶ
695 3687 842 3769 ἒςβάλλων
871 3695 1030 3800 τηνικαῦτα
1061 3691 1091 3763 ἐς
1120 3687 1174 3771 τήν
1197 3690 1352 3795 Μιλησίην

315 3797 370 3852 την
391 3769 545 3853 στρατιήν·
577 3771 810 3856 Σαδυάττης
774 3801 830 3858 γαρ
853 3777 903 3839 καὶ
932 3771 950 3837 o‘
975 3774 1028 3839 τδν
1049 3766 1221 3856 πόλεμον
1198 3800 1239 3854 ην
1260 3768 1351 3834 συνά-

315 3873 395 3936 ψας·
418 3881 453 3919 τα
445 3854 508 3920 dl
529 3858 615 3922 πέντε
637 3865 697 3922 τῶν
719 3857 864 3924 ἐτέων
829 3885 866 3922 τα
888 3859 1020 3940 ἑπόμενα
1042 3868 1119 3924 τοῖσι
1139 3861 1169 3936 ἕξ
1188 3855 1352 3964 Ἀλυάττης

316 3940 334 4005 ά
356 3939 534 4006 Σαδυάττεω
558 3942 750 4024 irroiiycee,u
732 3969 767 4019 υς
788 3946 1044 4027 παραδεξάμενος,
1069 3942 1110 4018 τάς
1131 3947 1181 4009 καὶ
1204 3941 1352 4028 πρότερόν

316 4053 367 4110 μοι
374 4027 567 4179 ἐδεδηλατατ
558 4027 673 4116 ,παρά
694 4035 748 4095 τοῦ
771 4030 886 4117 πατρδς
906 4028 959 4096 τδν
981 4030 1112 4113 πόλεμον
1134 4037 1267 4116 πρυςεῖχτ
1289 4030 1352 4092 ὄντε

315 4139 373 4198 ταμ
407 4140 455 4194 ως.
