3120 4888
634 503 847 570 ,29-

224 671 375 737 momenti
398 671 501 737 instar·
522 688 591 738 esse
614 673 657 737 nd
679 693 745 740 rem
769 671 1024 753 diiudicandnm3
1051 673 1166 754 quibus
1189 693 1260 742 eum

224 772 273 837 vir
304 774 509 840 doctissimus
539 773 757 840 demonstrare
786 773 882 841 vellet
904 773 1102 841 Herodotum
1132 775 1164 842 in
1187 795 1260 844 oon·

224 875 400 942 scribendis
423 876 567 942 historiis
588 877 710 942 Xanthi
732 876 882 958 Lydineis
905 894 966 943 non
991 894 1081 942 usum
1104 893 1190 958 esse,
1213 878 1260 944 ni-

223 978 284 1043 mis
306 977 474 1044 indulsisse
496 978 625 1044 videtur
648 978 865 1059 coniecturae,
888 996 1001 1059 parum
1024 977 1206 1044 substitisse
1227 981 1260 1044 in

223 1079 475 1147 testimoniorum
492 1081 651 1148 memorio.
687 1081 769 1146 Nam
785 1081 812 1146 si
828 1080 985 1162 graviore,
1007 1080 1124 1163 quibus
1139 1081 1261 1163 Ephori

222 1178 318 1246 fidem
340 1182 526 1250 imminuere
547 1190 730 1263 conaretur,
761 1189 949 1264 argumenta
977 1184 1090 1250 afferre
1119 1201 1181 1250 non
1203 1202 1261 1266 po·

223 1283 295 1362 tuit,
317 1303 389 1352 mes
410 1288 539 1367 quidem
562 1285 721 1354 sententia
741 1287 810 1352 eius
832 1285 1050 1352 testimonium
1073 1285 1104 1351 in
1128 1285 1261 1354 dubium

226 1404 340 1452 vocare
363 1407 425 1453 non
444 1389 591 1456 debebat.

309 1489 388 1556 Cum
419 1497 531 1558 eontra
559 1491 794 1558 Dahlmnnnum
827 1489 906 1556 satis
938 1490 1106 1556 videamur
1139 1491 1261 1574 Ephori

223 1609 351 1658 oausam
381 1593 580 1677 defendisse,
612 1598 717 1661 restat
750 1601 866 1659 utres
897 1598 930 1658 ot
952 1611 971 1659 ο
993 1593 1123 1659 Xantho
1155 1599 1189 1659 et
1218 1593 1258 1659 ab

222 1693 385 1762 Herodoto
408 1704 555 1763 narratas
586 1698 670 1763 inter
700 1715 735 1762 se
766 1713 1001 1777 comparemus,
1030 1696 1116 1761 unde
1136 1697 1259 1778 perspi·

223 1815 315 1863 euum
337 1797 405 1865 iore
433 1817 525 1881 spero
548 1800 705 1865 rationem
727 1800 886 1879 quandam
915 1797 1000 1864 inter
1020 1803 1190 1879 utrumqne
1212 1799 1260 1863 in·

223 1903 395 1968 tercedere.

307 2002 414 2070 Primo
436 2004 558 2070 Xanthi
588 2004 768 2086 fragmento
797 2004 966 2070 edocemur
997 2007 1121 2070 veteres
1142 2003 1259 2084 Lydos,

221 2103 407 2188 priusquam
430 2128 450 2173 a
466 2108 554 2190 Lydo
572 2107 666 2192 Atyis
681 2106 747 2173 filio
762 2126 875 2173 nomen
891 2105 1072 2188 acceperint
1087 2105 1206 2187 „hydi‘
1218 2106 1259 2188 ¹),

221 2205 363 2275 Moiones
385 2213 555 2290 roent0s2)
583 2228 660 2277 esse.
714 2211 835 2276 Eodem
866 2209 1017 2291 leguntur
1048 2207 1134 2289 apud
1157 2207 1259 2274 Hero·

223 2311 332 2376 dotum
356 2311 380 2386 I,
404 2312 439 2376 7:
463 2331 553 2396 reges
575 2312 736 2396 Lydorum
759 2311 972 2394 antiquissimi
994 2302 1155 2394 ἀπόγονοι
1177 2300 1260 2374 donn

129 2434 133 2442 ·
223 2411 341 2478 Λυδοῦ
362 2414 420 2479 τοῦ
440 2409 575 2494 Ἄτυος,
598 2406 656 2480 ἄττ’
680 2407 754 2481 ὅτευ
777 2409 795 2480 ὁ
818 2413 920 2502 δῆμος
941 2407 1073 2487 Λύδιος
1095 2407 1217 2499 ἐκλήθη
1240 2405 1258 2476 ὁ

224 2516 292 2590 πᾶς
315 2507 409 2593 οὗτος
431 2511 592 2604 πρότερον
614 2514 737 2603 Μηΐων
758 2511 955 2599 καλεόμενος
976 2561 985 2578 .
1005 2561 1013 2580 .
1037 2563 1044 2578 .
1067 2520 1102 2579 et
1122 2513 1194 2594 Vll,
1217 2513 1259 2580 lt

223 2612 256 2682 οὶ
278 2616 391 2683 Λυδοὶ
413 2617 560 2705 Μηΐονος
583 2615 753 2686 &ruffino
775 2614 899 2698 πάλαι,
922 2612 982 2682 ἐπὶ
1003 2613 1040 2681 δὲ
1061 2615 1179 2682 Λυδοῦ
1201 2618 1259 2682 τοῦ

211 2712 338 2796 ’Ἀτυος
358 2715 454 2802 ἔσχον
485 2719 542 2808 τὴν
563 2717 760 2807 ἐπωνυμίην,
789 2714 1030 2806 μεταβαλόντος
1058 2717 1095 2784 τὸ
1127 2711 1259 2803 οὔνομα.

187 2897 190 2902 ,
221 2821 332 2904 Neque
353 2825 497 2906 ignorat,
519 2825 604 2907 quod
626 2826 737 2890 eodem
758 2824 937 2906 fragmento
958 2822 1081 2890 Xanthi
1102 2823 1258 2890 traditum

221 2930 289 3004 est,
318 2925 499 2993 Herodotus
522 2928 602 2992 duos
632 2925 730 2992 luisse
753 2927 845 3008 Atyis
875 2925 956 2991 filios
985 2961 1027 2972 -
1058 2925 1182 3006 Lydum
1214 2928 1256 3004 et,

220 3044 313 3107 quern
336 3047 395 3110 pro
417 3029 580 3096 Torrhebo
603 3030 761 3109 nominat,
785 3027 1001 3112 Tyrrhenum,
1033 3026 1123 3094 cuius
1145 3044 1258 3093 nomen

220 3129 455 3212 Tyrrhenorum
477 3132 609 3216 originis
636 3131 676 3198 sb
700 3151 736 3198 eo
759 3133 964 3221 deducendae
985 3147 1082 3197 enusa
1102 3129 1258 3196 eiusmodi

221 3231 404 3299 mutilatum
435 3252 504 3300 esso
532 3236 624 3301 modo
647 3235 783 3317 probare
805 3233 995 3318 studuimus.
1047 3231 1166 3297 Eodem
1189 3232 1257 3297 loeo

220 3334 247 3417 I,
269 3334 312 3400 94
333 3337 414 3418 Atys
436 3337 556 3402 dieitur
576 3337 682 3402 Manis
703 3334 798 3416 filius,
820 3339 945 3419 dequo
967 3334 1062 3417 plura
1076 3332 1259 3400 referuntur

219 3435 277 3516 IV,
297 3435 358 3520 45,
380 3437 434 3504 ubi
456 3445 626 3524 postquam
648 3439 828 3505 audivimus
850 3458 870 3504 s
891 3436 1039 3522 plurimis
1061 3435 1257 3502 Graecorum

219 3599 424 3610 ι--ι--ι-

309 3669 339 3748 1)
360 3659 472 3737 ’Ἄτυος
493 3660 526 3726 δὲ
548 3663 658 3737 παῖδας
678 3646 820 3747 Ιγενέσθαι
840 3660 916 3745 λέγει
937 3654 1045 3723 Λυδὸν
1066 3657 1115 3721 ταὶ
1145 3655 1257 3740 Τόρῤη-

219 3752 277 3832 βου
299 3795 369 3816 ....
392 3750 443 3814 καὶ
465 3755 527 3822 τοῖς
558 3749 658 3812 ἔθνεσι
690 3739 733 3810 ὦν
754 3739 847 3832 ἦρξαν
869 3747 945 3827 φησι
967 3749 1090 3824 τεθῆναι
1112 3741 1166 3817 τὰς
1187 3743 1256 3806 ὄνο-

220 3841 328 3917 poetae
349 3837 442 3922 λέγων
464 3825 537 3898 dds:
568 3831 630 3898 ἇττό
653 3835 759 3900 Λυδοῦ
782 3833 835 3915 μὲν
856 3837 984 3918 γίνονται
1006 3830 1117 3907 Λυδοὶ,
1140 3825 1201 3892 ἀπὸ
1224 3826 1257 3892 δὲ

225 3920 383 4006 οοοου
411 3919 569 4006 ουτοι.

305 4013 338 4091 2)
367 4014 403 4073 Id
433 4011 519 4072 fenile
549 4008 700 4086 colligitur
736 4029 775 4069 ex
807 4007 908 4071 verbis
938 4007 1027 4066 Dion.
1060 4004 1157 4065 Helio.
1189 3995 1256 4063 οὔτε

220 4088 370 4158 &nornine
390 4091 540 4175 Μαιόνων
569 4094 611 4167 εἰς
637 4087 761 4154 Ἰταλιαν
789 4094 995 4172 κατασχοῦσαν
1017 4088 1185 4162 ἐπίσταται,
1218 4089 1254 4154 ef.

219 4184 256 4245 fr.
280 4189 309 4262 4,
332 4183 438 4246 Strabo
460 4183 546 4244 XIII
567 4203 596 4264 p.
621 4184 692 4243 628.
