3120 4888
706 504 1047 600 --32-ἱ

296 676 425 745 Xantho
446 677 566 743 hausta
588 693 659 743 esse
682 693 780 758 supra
794 676 932 758 probare
947 675 1052 740 conati
1066 674 1225 758 sumus1).
1268 672 1335 738 Ita·

297 799 359 865 quo
379 779 431 847 his
453 778 550 846 etiam
573 778 659 856 locis,
682 777 798 862 quibus
820 784 856 845 ut
878 778 910 843 in
933 776 1094 860 prioribus
1116 774 1335 842 vetustissima

296 887 440 965 tempora
462 887 495 948 et
517 882 709 948 veterrimae
725 881 886 962 Lydorum
909 899 961 947 res
983 885 1169 962 tanguntur,
1192 878 1334 946 Herodo-

297 989 350 1052 tus
372 986 506 1052 eundern
529 989 692 1050 auctorem
715 983 805 1065 sequi
827 983 963 1050 videtur.

382 1087 448 1154 Sed
469 1087 655 1152 omittamus
677 1091 817 1167 ceteros,
839 1087 893 1169 qui
917 1087 960 1152 ad
982 1085 1145 1168 Lydorum
1168 1082 1334 1150 historiam

297 1190 495 1271 pertinentes
525 1190 645 1272 passim
675 1191 762 1272 apud
797 1208 868 1256 eum
899 1189 1119 1269 inveniuntur,
1150 1187 1244 1266 locos,
1272 1187 1335 1251 iam

298 1292 366 1358 eius
393 1292 593 1358 narrationes
621 1293 662 1358 de
692 1293 787 1358 rebus
815 1292 957 1376 aLydis
983 1292 1086 1375 gestis
1113 1291 1336 1368 examinemus,

298 1399 336 1460 ut
364 1394 571 1477 intellegatur
601 1413 711 1461 earum
741 1396 905 1462 materiem
936 1399 1045 1460 utrum
1076 1393 1197 1476 Lydius
1225 1396 1338 1457 auctor

298 1517 339 1562 an
362 1496 504 1564 Graecus
525 1498 726 1580 praebuerit,
759 1504 793 1565 et
821 1497 848 1562 si
870 1517 951 1582 quae
973 1496 1055 1563 forte
1076 1500 1245 1562 occurrant
1272 1512 1337 1558 me-

299 1599 433 1681 moriae,
463 1618 542 1681 quas
570 1609 701 1683 propter
731 1606 953 1684 argumentum
985 1606 1017 1667 et
1048 1601 1183 1666 colorem
1214 1596 1337 1664 auctori

299 1701 402 1785 Lydio
423 1701 532 1770 deberi
554 1721 752 1784 censeamus,
780 1710 818 1770 ut
839 1709 1003 1770 statuatur
1031 1709 1139 1769 utrum
1167 1700 1269 1767 veteri
1291 1699 1337 1764 lo·

300 1805 464 1888 gographo
486 1806 674 1874 tribuendae
694 1809 769 1888 sint,
790 1827 830 1873 an
853 1825 908 1873 eas
930 1826 987 1889 per
1001 1806 1193 1889 colloquium
1215 1801 1338 1885 aLydo

300 1907 411 1989 quovis
433 1907 615 1975 Herodotus
645 1909 806 1976 audivisse
836 1910 879 1975 sit
901 1910 1072 1992 putandus.

387 2011 451 2076 Ros
473 2011 634 2093 Lydorum
658 2012 861 2078 continentur
887 2013 990 2095 primo
1012 2009 1167 2079 Herodoti
1189 2006 1338 2075 historia-

301 2132 370 2178 rum
393 2113 476 2178 libro
499 2114 659 2197 capitibus
682 2116 729 2180 1-
745 2115 796 2181 94.
846 2115 883 2180 In
915 2114 1074 2198 capitibus
1098 2111 1180 2180 1-5
1202 2108 1341 2192 explicat

302 2218 415 2280 auctor
437 2215 516 2297 quid
537 2218 598 2283 sibi
621 2218 838 2301 proposuerit;
860 2236 912 2285 res
934 2239 955 2282 a
976 2216 1123 2283 barbaris
1144 2221 1177 2282 et
1198 2233 1219 2280 a
1238 2211 1339 2278 Grae·

302 2317 348 2382 cis
378 2316 541 2398 praeclare
571 2325 698 2402 gestas,
726 2338 896 2403 eorumque
928 2319 1013 2387 bella
1047 2326 1079 2385 et
1108 2314 1264 2402 quidquid
1297 2313 1338 2377 de

302 2437 428 2501 pugnae
442 2421 547 2487 causis
561 2441 581 2486 a
596 2421 703 2489 Persis
725 2425 786 2504 (cp.
804 2422 898 2502 1-4)
922 2427 956 2488 et
970 2441 990 2488 a
1004 2421 1213 2488 Phoenicibus
1229 2423 1290 2499 (cp.
1303 2414 1337 2494 5)

303 2520 460 2588 referatur
482 2523 653 2591 memoriae
674 2542 708 2590 se
730 2526 865 2607 prodere
886 2525 978 2592 velle.
1031 2525 1068 2588 In
1099 2524 1204 2605 capita
1225 2522 1246 2588 6
1277 2519 1338 2584 ini-

303 2624 385 2690 tium
407 2626 560 2691 narrandi
582 2645 621 2690 ex
643 2625 758 2692 Oroeso
781 2627 943 2710 Lydorum
973 2645 1048 2707 rege
1078 2626 1166 2708 capit
1199 2628 1232 2691 et
1259 2621 1338 2687 lines

304 2727 466 2810 Lydorum
480 2728 651 2809 describit;
675 2727 790 2796 deiude
807 2732 868 2810 (cp.
885 2729 917 2810 7)
940 2733 1109 2810 postquam
1125 2745 1255 2792 narrare
1269 2742 1340 2789 coe·

303 2830 367 2912 pit,
396 2830 661 2912 quemadmodum
692 2831 898 2896 Mermnadae
927 2830 1094 2913 imperinm
1123 2831 1339 2910 occupassent,

304 2930 458 3013 originem
479 2931 721 3000 Herachdarum
744 2933 892 3016 explicat.
934 2933 1089 3000 Hercules
1111 2950 1150 2998 ex
1163 2949 1257 2998 serra
1272 2929 1341 2993 lar-

308 3033 383 3098 dani
405 3035 516 3114 genuit
538 3035 709 3116 Alcaeum,
730 3037 867 3103 Alcaeus
890 3036 1001 3120 genuit
1022 3035 1144 3117 Belum,
1166 3033 1262 3099 Belus
1283 3030 1341 3096 Ni-

306 3152 391 3216 num,
413 3133 516 3202 Ninus
538 3138 716 3220 Agronem,
749 3138 791 3203 ad
823 3157 918 3221 quem
948 3137 1076 3206 oraculo
1098 3138 1185 3204 edito
1207 3151 1341 3218 regnum

306 3237 466 3318 Lydorum
490 3239 630 3307 delatum
653 3247 719 3323 est,
751 3241 836 3323 quod
858 3259 959 3324 usque
980 3239 1078 3306 adid
1101 3246 1227 3321 tempus
1248 3253 1341 3319 reges

306 3358 327 3404 a
356 3338 447 3422 Lydo
478 3341 545 3407 nati
574 3350 754 3410 tenuerant
812 3342 922 3426 Lydos
952 3350 1042 3411 ortus
1071 3349 1143 3409 erat
1175 3341 1215 3408 ab
1245 3341 1342 3422 Atye,

306 3441 390 3524 Atys
417 3461 437 3508 a
469 3443 564 3510 Mane
599 3445 639 3524 (I,
661 3445 733 3528 94),
762 3465 842 3529 quos
871 3447 947 3513 deos
967 3446 1131 3530 Phrygum
1159 3444 1258 3511 luisse
1280 3441 1343 3507 sci-

309 3547 427 3623 mus¹).
470 3544 640 3612 Herculem
657 3549 765 3631 etiam,
786 3549 842 3630 qui
865 3549 1004 3616 hocloco
1019 3549 1210 3631 nominatur,
1232 3548 1342 3612 aucto·

308 3663 376 3712 rem
393 3646 571 3715 nobilitatis
579 3649 823 3718 Heraclidarum
840 3670 900 3718 non
919 3669 988 3720 esse
998 3652 1192 3719 Graecorum
1204 3650 1344 3727 heroem,

307 3799 512 3819 Μ

401 3911 429 3988 1)
450 3912 594 3973 Iardanos
616 3915 652 3974 fr.
677 3919 726 3988 22,
749 3915 844 3976 Meles
865 3915 900 3976 fr.
926 3917 980 3991 18,
1008 3916 1045 3976 fr.
1069 3920 1108 3975 48
1139 3935 1169 3992 p.
1194 3915 1230 3971 ul
1263 3910 1343 3988 apud

308 3992 398 4054 Dind.
443 3998 506 4058 Neo
527 4019 598 4059 vero
627 4002 742 4076 negabo
773 4020 837 4060 esse
868 4021 956 4080 posse
985 4009 1020 4063 ut
1047 4003 1095 4063 his
1124 4001 1238 4060 duobus
1268 3997 1343 4056 locis

309 4100 370 4140 non
392 4083 429 4140 ad
451 4085 578 4143 cundem
599 4085 708 4146 Melam
731 4093 845 4163 spectet
866 4089 1016 4148 Nicolaus.

396 4167 428 4250 2)
451 4169 593 4230 Duncker
613 4171 633 4231 l.
655 4170 674 4230 1.
696 4171 714 4229 I
734 4192 764 4250 p.
788 4178 945 4237 888-90.
