3120 4888
728 458 943 524 ..22-

320 630 428 707 curat,
458 645 553 711 quam
584 627 783 710 sapientibus
812 627 979 694 sententiis
1008 628 1223 710 gravibusque
1250 628 1357 696 uerbis

321 734 436 794 ornata
457 731 562 796 oratio
583 736 616 796 et
638 731 748 814 polita,
770 749 834 812 qua
856 731 983 796 illarum
1006 730 1129 797 Nicolai
1151 731 1356 816 reliquiarum

319 833 458 914 scriptor
479 832 601 915 utitur,
631 833 687 915 qui
718 833 824 900 verbis
854 834 988 915 copiosis
1020 839 1055 900 et
1077 833 1255 915 splendidis
1277 853 1357 916 gau·

320 936 386 1001 det.

407 1038 540 1106 Accedit
562 1056 648 1121 vero,
678 1057 740 1120 quo
769 1037 894 1105 facilius
923 1056 975 1104 res
1004 1039 1127 1122 percipi
1149 1039 1357 1123 cognoscique

319 1140 430 1222 possit,
453 1141 597 1207 adhaec
619 1143 683 1206 duo
705 1141 836 1207 tertium
858 1140 1091 1224 fragmentum,
1113 1159 1175 1223 quo
1197 1147 1358 1221 narratur,

320 1243 587 1326 quemadmodum
610 1243 764 1323 Croesus,
796 1262 867 1308 cum
897 1245 963 1309 iam
996 1261 1106 1327 rogum
1138 1243 1358 1326 inscendisset,

321 1345 405 1411 Solis
436 1345 553 1410 auxilio
586 1352 620 1411 et
640 1346 813 1433 Persarum
843 1345 927 1428 regis
960 1347 1129 1412 clementia
1160 1353 1306 1412 seruatus
1337 1367 1357 1413 a
1435 1358 1441 1370 '

321 1449 403 1531 cyro
425 1450 457 1515 in
479 1448 654 1515 amicitiam
676 1453 824 1533 receptus
846 1449 890 1515 sit
913 1447 966 1533 (fr.
979 1450 1043 1529 67).
1087 1449 1127 1515 ld
1148 1468 1187 1514 ex
1208 1449 1358 1530 Lydiacis

321 1568 382 1615 non
398 1551 601 1633 desumptum
618 1571 688 1619 esse
701 1553 771 1619 luce
787 1551 903 1619 clarius
918 1551 1130 1618 demonstrari
1144 1557 1259 1635 potest
1294 1552 1358 1617 Res

321 1671 381 1718 non
403 1653 508 1720 solum
529 1672 566 1720 eo
588 1659 723 1737 apparet
744 1656 829 1739 quod
858 1655 890 1720 in
920 1653 980 1720 hoc
1009 1655 1104 1720 tertio
1127 1655 1238 1720 eadem
1260 1659 1376 1748 atque,

320 1756 352 1820 in
375 1754 439 1820 illis
460 1756 584 1822 duobus
599 1758 737 1824 occurrit
752 1758 921 1840 splendida
943 1757 1040 1823 dictio
1062 1761 1096 1822 et
1110 1757 1253 1838 verbosa,
1276 1774 1358 1837 quae

321 1875 341 1922 a
362 1857 484 1924 Xanthi
506 1860 664 1926 scribendi
686 1859 914 1926 consuetudine
935 1877 1066 1942 prorsus
1097 1859 1202 1924 aliena
1224 1863 1291 1938 est,
1325 1863 1359 1922 et
1381 1875 1383 1878 ·

321 1961 406 2042 quod
428 1961 461 2026 in
483 1962 543 2030 hoc
565 1963 662 2028 etiam
684 1961 863 2046 fragmento
885 1963 1111 2028 desiderantur
1130 1961 1267 2042 vestigia
1289 1961 1358 2026 dia-

321 2062 396 2128 lecti
430 2063 574 2145 Ionicae,
611 2067 669 2131 scd
705 2065 807 2131 multo
845 2065 947 2147 magis
985 2083 1022 2130 eo
1052 2064 1136 2146 qnod
1168 2063 1356 2146 scriptorem

321 2165 486 2245 habemus,
508 2168 562 2250 qui
585 2167 751 2233 materiem
774 2167 921 2250 copiosae
941 2167 1028 2234 illius
1050 2165 1242 2232 narrationis
1263 2185 1357 2248 prae·

322 2268 394 2335 buit
414 2303 457 2315 ——
479 2267 694 2335 Herodotum!
744 2267 842 2336 Cuius
872 2271 905 2335 in
937 2271 1064 2335 modum
1096 2268 1205 2336 Oroesi
1237 2275 1356 2334 sortem

322 2371 460 2453 tradere,
476 2389 546 2436 cum
561 2374 674 2438 auctor
688 2371 774 2437 illius
789 2371 962 2456 fragmenti
977 2373 1038 2438 sibi
1052 2371 1278 2456 proposuisset,
1300 2389 1359 2452 pa·

322 2479 404 2540 trem
428 2473 580 2539 historiae
603 2479 635 2540 et
657 2479 728 2542 arta
750 2475 902 2540 narrandi
932 2480 965 2540 et
986 2475 1082 2540 rebus
1105 2473 1244 2540 narratis
1266 2483 1359 2553 supe·

320 2593 393 2641 rare
414 2577 547 2642 studuit.
592 2576 715 2642 Ornata
736 2577 836 2659 igitur
850 2577 993 2642 oratione
1016 2594 1092 2642 usus
1115 2581 1174 2656 ast,
1197 2574 1359 2640 mirabilia

321 2678 424 2742 multa
444 2679 586 2759 addidit,
617 2697 684 2744 rem
707 2678 796 2745 auxit
826 2684 859 2744 et
889 2677 1148 2760 amplificavit1).
1204 2675 1358 2772 Sibyllam

321 2779 414 2844 finxit
436 2780 598 2847 oraculum
620 2781 788 2847 verbosum
810 2781 1070 2862 pronuntiantem
1092 2788 1125 2847 et
1140 2780 1290 2846 Croesum
1312 2777 1359 2843 ie-

322 2881 368 2949 cit
390 2899 462 2948 cum
483 2881 549 2948 filio
572 2883 809 2965 colloquentem,
831 2882 1017 2967 priusquam
1037 2884 1069 2948 in
1084 2881 1195 2966 rogum
1210 2881 1360 2948 ascende·

323 2988 384 3064 ret,
406 3003 508 3066 neque
522 2984 666 3053 Thaletis
684 2986 804 3051 oblitus
825 2991 883 3066 est,
906 2985 961 3069 qui
976 3004 1062 3051 more
1077 2984 1258 3050 Herodoteo
1280 2981 1361 3048 caeli

323 3091 445 3152 statum
476 3087 651 3167 praedicit,
686 3105 789 3168 neque
821 3086 927 3152 omisit
963 3089 1135 3168 praecepta
1171 3084 1360 3152 Zoroastris.

324 3188 439 3254 Omnia
470 3186 537 3254 iere
572 3201 655 3271 quae
686 3190 727 3255 de
757 3188 874 3255 croeso
903 3189 990 3271 apud
1020 3188 1219 3253 Herodotum
1249 3187 1362 3269 paucis

323 3290 430 3358 verbis
462 3290 654 3358 adumbrata
683 3291 810 3373 legisti,
839 3310 879 3358 ea
906 3291 994 3373 apud
1014 3290 1182 3356 Nicolaum
1203 3289 1306 3356 fusius
1327 3296 1362 3356 et

324 3393 355 3459 in
378 3394 624 3462 ostentationem
640 3400 827 3476 comparata
848 3394 972 3475 relegis.
1015 3391 1168 3475 Exemplo
1183 3399 1273 3458 utar:
1295 3391 1361 3457 He-

413 3603 444 3677 1)
477 3600 642 3661 EXanthi
665 3602 797 3676 genuino
821 3619 912 3678 opere
944 3601 1001 3661 hoo
1023 3600 1139 3661 Nicolai
1161 3601 1361 3675 fragmentum

324 3687 448 3748 fluxisse
471 3686 565 3748 Orelli
587 3687 668 3746 solus
690 3686 818 3764 (Nicolai
833 3687 940 3762 fragm.
963 3688 999 3746 ad
1022 3685 1093 3765 h.l.)
1116 3686 1260 3761 coniecit;
1283 3685 1361 3744 liiil-

324 3774 403 3833 larus
425 3772 517 3833 totius
539 3771 718 3832 narrationis
740 3772 838 3832 colore
861 3774 939 3832 hanc
960 3773 1023 3833 eius
1039 3774 1238 3833 coniecturam
1260 3773 1362 3830 redar-

325 3859 376 3933 gui
408 3859 513 3919 statuit
540 3859 707 3934 (Frang
737 3878 767 3934 p.
791 3856 855 3935 40).
905 3858 1037 3919 Sicinius
1067 3859 1181 3935 primus
1201 3858 1294 3917 fuisse
1315 3857 1363 3917 vi·

326 3946 420 4016 detur,
443 3944 494 4024 qui
518 3943 659 4019 cognovit
676 3942 820 4004 nonnulla
842 3944 874 4002 in
889 3944 1004 4005 Nicolai
1020 3944 1190 4003 narratione
1205 3943 1360 4003 Herodoto

326 4030 444 4104 deberi3
476 4049 542 4089 eum
573 4035 691 4090 secutus
721 4035 768 4089 est
788 4030 985 4103 Benedictus,
1016 4031 1047 4088 in
1072 4030 1295 4090 dissertatione:
1324 4029 1362 4087 de

327 4116 452 4176 oraculis
475 4117 511 4174 ab
533 4116 689 4176 Herodoto
713 4116 957 4194 commemoratis,
980 4117 1066 4175 Bonn
1090 4116 1181 4175 1871.
