3120 4888
706 468 923 535 ..52-

294 639 335 704 de
358 645 445 706 muto
467 639 532 706 lilio
555 658 626 706 eum
642 658 707 705 non
722 640 949 723 interrogasse,
971 644 1140 723 postquam
1162 642 1238 709 belli
1259 661 1334 710 con-

295 748 346 808 tra
368 742 483 826 Cyrum
505 744 637 824 gerendi
659 742 826 810 consilium
849 743 949 825 cepit,
981 749 1014 809 et
1043 763 1101 826 per
1131 763 1166 812 se
1187 752 1279 828 patet
1301 752 1335 812 et

293 851 464 927 propterea
485 845 656 912 verisimile
678 851 738 928 est,
760 846 835 928 quia
849 864 1042 929 perpaucum
1064 850 1219 930 temporis
1237 850 1333 916 inter·

292 949 354 1014 luit
374 949 458 1014 inter
480 949 609 1015 tertium
631 949 712 1014 illud
735 949 897 1014 oraculum
920 956 953 1015 et
975 949 1049 1016 belli
1070 950 1205 1017 initium.

368 1051 467 1118 Cuius
482 1052 718 1118 inconstantiae
736 1071 807 1118 cnm
823 1071 953 1119 causam
969 1071 1164 1135 quaererem,
1182 1054 1331 1136 quidnam

293 1161 381 1220 esset
396 1174 451 1221 cur
465 1172 549 1221 nunc
564 1156 689 1223 duobus
705 1171 789 1220 nunc
804 1156 858 1220 uni
870 1154 998 1222 oraculo
1013 1154 1165 1222 Croesum
1179 1156 1330 1224 confisum

293 1277 365 1325 esse
376 1259 558 1324 Herodotus
570 1263 725 1334 narraret,
740 1258 951 1339 inveniebam,
967 1259 1049 1323 duas
1067 1260 1106 1323 de
1119 1260 1251 1326 deorum
1263 1281 1331 1327 res-

290 1363 402 1445 ponsis
417 1362 619 1428 narrationes
635 1380 707 1426 eum
719 1361 929 1442 coniunxisse,
946 1380 1079 1443 querum
1097 1362 1201 1428 altera
1215 1364 1257 1428 ad
1273 1383 1331 1429 an-

291 1459 473 1531 ctoritatem
486 1464 644 1546 Apollinis
659 1463 807 1546 Delphici
829 1466 1009 1546 augendam
1032 1465 1105 1530 huic
1127 1466 1180 1531 uni
1203 1466 1329 1532 laudem

291 1569 446 1634 tribueret
475 1567 585 1635 Croesi
621 1567 840 1649 quaestionem
873 1567 1092 1634 difficillimam
1128 1569 1330 1651 sustinuisse,

196 1670 199 1682 '
290 1671 394 1736 altera
415 1671 555 1736 breviter
582 1670 716 1736 referret
746 1690 786 1736 ex
808 1670 970 1750 omnibuS,
1000 1689 1079 1752 quos
1102 1670 1239 1736 Croesus
1261 1678 1329 1737 ten·

290 1779 407 1850 tasset,
438 1773 508 1839 deis
530 1774 751 1839 tantummodo
775 1772 955 1854 Apollinem
978 1773 1166 1856 Delphicum
1198 1779 1231 1838 et
1252 1776 1329 1839 Am-

288 1877 456 1958 phiaraum
477 1882 565 1941 recte
587 1876 802 1957 respondisse.
846 1876 914 1958 Illa,
937 1895 976 1940 ex
998 1894 1061 1958 qua
1083 1876 1254 1959 capitati,
1277 1877 1328 1958 48,

288 1981 331 2048 55
360 1978 479 2045 bansta
511 1978 591 2060 sint,
628 1979 765 2062 Pythiae
795 1997 951 2060 responsa
982 1979 1127 2044 versibus
1163 1984 1196 2045 et
1223 1980 1328 2045 verbis
1414 2061 1418 2070 ι

289 2083 464 2165 grandibus
488 2089 642 2148 exornata
663 2082 823 2164 Apollinis
852 2082 976 2148 decoris
1005 2087 1038 2148 et
1068 2081 1188 2164 gloriae
1216 2083 1329 2166 ampli-

286 2185 432 2251 ficandae
454 2204 552 2250 causa
575 2185 733 2266 tradebat,
755 2223 798 2234 -—
820 2185 908 2266 haec,
932 2203 1013 2266 quae
1036 2185 1148 2250 subest
1169 2184 1327 2266 capitibus

286 2289 338 2370 46,
358 2288 411 2369 49,
431 2288 484 2369 50,
507 2286 558 2364 52,
581 2287 624 2354 53
655 2305 713 2354 555
735 2307 848 2354 versus
872 2289 1071 2354 oraculorum
1100 2288 1242 2370 prodidit
1270 2308 1328 2355 nec

286 2392 413 2457 omnino
435 2391 596 2473 narrabat,
619 2390 695 2472 quid
710 2391 825 2473 Apollo
849 2399 882 2456 et
898 2391 1111 2474 Amphiaraus
1134 2390 1251 2472 aliique
1274 2390 1327 2456 dei

284 2515 304 2562 a
328 2495 446 2561 Croeso
477 2494 593 2561 tentati
620 2494 882 2577 rescripsissent,
915 2500 964 2576 et,
996 2496 1080 2561 sicut
1101 2494 1197 2559 etiam
1218 2493 1251 2557 in
1273 2511 1327 2558 ca·

283 2598 350 2681 pite
370 2597 429 2679 53,
452 2597 532 2665 satis
555 2597 668 2662 habuit
690 2603 879 2662 concentum
900 2615 1128 2678 responsorum
1151 2595 1324 2661 monuisse.

283 2699 342 2766 Cui
365 2706 472 2765 autem
495 2718 608 2782 parum
631 2699 795 2782 probabile
819 2719 892 2766 esse
914 2700 1054 2780 videtur,
1087 2701 1171 2780 quod
1200 2699 1247 2764 ita
1268 2718 1324 2780 po·

283 2803 352 2869 scui
368 2803 547 2868 dirimenda
562 2821 635 2868 esse
651 2802 779 2884 singula
794 2802 901 2884 capita
918 2802 1175 2886 auctoribusque,
1191 2820 1324 2884 quorum

283 2907 431 2973 misceret
453 2906 636 2972 Herodotus
658 2905 877 2988 narrationes,
908 2924 979 2972 esse
1001 2906 1184 2986 reddenda,
1214 2905 1242 2970 is
1273 2923 1324 2969 re·

281 3010 468 3075 miniscatur
489 3009 631 3074 locorum
653 3009 788 3089 illorum,
811 3008 926 3090 quibus
948 3008 1148 3074 Herodotum
1171 3007 1325 3073 nonnulla

280 3111 371 3178 libris
395 3111 463 3178 suis
485 3111 708 3192 neglegentius
738 3111 914 3178 inseruisse
937 3116 1072 3177 constat.
1116 3110 1202 3175 Nihil
1224 3111 1323 3192 igitur

280 3215 416 3298 impedit
438 3215 607 3297 quominus
630 3231 818 3280 censeamus
847 3213 912 3280 tria
942 3213 998 3280 illa
1030 3214 1137 3296 capita
1158 3213 1322 3296 posterius

281 3318 322 3384 ab
355 3319 522 3383 Herodoto
552 3315 667 3382 addita
698 3334 785 3398 esse;
816 3335 919 3400 neque
953 3315 1083 3383 dubium
1114 3335 1187 3382 esse
1217 3315 1322 3398 debet,

281 3421 356 3502 quin
379 3421 513 3486 ethaeo
535 3426 568 3484 et
590 3437 643 3499 ea,
666 3437 748 3500 quae
773 3419 812 3485 de
838 3419 931 3486 donis
954 3438 974 3486 a
996 3419 1113 3486 Croeso
1136 3420 1177 3485 ad
1199 3415 1324 3501 Apolli·

280 3539 353 3587 nem
377 3522 484 3588 missis
507 3522 664 3604 capitibus
686 3523 737 3603 51,
758 3522 800 3588 54
824 3523 1036 3606 continentur,
1058 3542 1097 3588 en
1119 3524 1323 3590 sacerdotum

279 3625 506 3708 Delphicorum
529 3626 597 3690 sive
620 3625 856 3692 commentariis
879 3627 945 3692 sive
968 3626 1168 3692 sermonibus
1191 3624 1322 3691 effluxe-

256 3728 352 3792 ·rint
396 3728 541 3793 Aliorum
559 3746 635 3792 vero
650 3728 791 3811 capitum
813 3730 866 3810 46,
880 3729 932 3810 49,
947 3728 998 3806 50,
1014 3729 1065 3806 52,
1081 3729 1124 3796 53
1145 3748 1228 3812 quae
1249 3728 1320 3793 bre·

275 3831 377 3896 vitute
399 3829 526 3897 dicendi
548 3837 580 3897 et
602 3832 695 3914 copia
716 3851 822 3897 rerum
845 3832 1021 3916 excellunt,
1052 3833 1217 3899 materiem
1250 3850 1314 3897 non

278 3952 317 4000 ex
339 3934 495 3999 communi
516 3933 603 4000 lama
625 3934 886 4018 sermonibusque
901 3919 1068 4002 hominum
1083 3936 1217 4018 petitam
1239 3953 1322 4018 esse,

278 4039 337 4104 sed
360 4055 399 4104 ex
420 4036 610 4121 logograpbi
632 4037 808 4120 cuiusdam,
830 4039 885 4123 qui
900 4059 1005 4106 rerum
1029 4038 1125 4106 fidem
1149 4039 1229 4123 bene
1252 4056 1320 4104 ser-

277 4139 383 4226 vavit,
414 4139 504 4207 libris
536 4142 685 4225 cognosci
715 4141 799 4209 licet
854 4142 927 4210 Non
961 4143 1065 4210 solum
1095 4142 1177 4210 enim
1207 4141 1320 4230 sacris,
