3120 4888
721 465 935 534 ..26-

370 661 372 665 ’
401 637 600 706 Athenaeum
632 638 720 721 ipsos
748 638 871 721 Ephori
899 637 997 704 libros
1031 637 1072 703 de
1100 655 1139 702 ea
1168 656 1203 704 re
1231 635 1349 702 adiisse

314 759 416 822 neque
436 742 523 822 apud
545 741 688 824 quemvis
709 745 871 808 auctorem
894 740 1009 822 legisse
1031 740 1129 822 hano,
1159 757 1254 821 quam
1276 757 1349 821 pro·

314 842 394 924 fert,
424 843 629 923 senteutiam,
660 843 902 910 Hachtmaunus
929 842 1021 924 eopia
1050 843 1188 909 locorum
1216 842 1347 922 innisus,

312 945 428 1025 quibus
460 944 623 1025 Ephorum
661 943 774 1012 laudat
804 946 989 1011 Athenaeus
1025 944 1098 1011 libri
1139 963 1270 1011 numero
1309 963 1348 1008 ea

313 1065 376 1128 quo
398 1047 479 1112 oitat
500 1046 621 1126 addito,
645 1047 879 1129 comprobavit3
907 1048 992 1112 idem
1022 1054 1192 1130 postquam
1215 1045 1348 1127 diligen·

313 1149 435 1216 tissime
457 1150 498 1216 de
518 1149 640 1232 Ephori
662 1155 734 1216 arte
762 1155 796 1215 et
823 1149 946 1215 ratione
969 1148 1081 1215 eritioa
1102 1149 1284 1230 inquisivit,
1314 1149 1346 1214 in

313 1270 441 1317 numero
455 1251 721 1333 dignissimorum,
743 1251 858 1332 quihus
878 1251 959 1318 fides
974 1251 1141 1330 habeatur,
1162 1269 1236 1318 eum
1258 1269 1348 1334 repo-

314 1356 451 1420 nendum
474 1371 543 1421 esse
565 1354 741 1435 censuit1).
793 1353 970 1420 Oreuzerus
999 1353 1096 1419 etiam
1123 1360 1157 1418 et
1179 1351 1348 1420 Kirchhof·

312 1455 382 1536 iius,
405 1457 465 1522 viri
487 1474 563 1522 sane
585 1455 768 1533 doctissimi,
791 1455 966 1539 quidquam
987 1473 1057 1522 essa
1079 1474 1137 1522 our
1158 1456 1280 1538 Ephori
1302 1460 1349 1521 to-

314 1558 461 1630 stimonio
483 1556 684 1624 diffideretur
706 1565 917 1640 negauerunt,
949 1563 1048 1638 atque
1070 1564 1259 1624 monuerunt
1279 1557 1348 1624 eius

313 1662 539 1726 auctoritatem
562 1661 729 1744 permagni
750 1661 982 1726 aestimandam
1004 1677 1090 1739 esse,
1120 1661 1206 1743 quod
1229 1661 1348 1726 utrius·

313 1781 374 1846 que
397 1763 559 1846 scriptoris
581 1800 623 1811 -
645 1763 765 1829 Xanthi
781 1769 814 1830 et
828 1762 985 1830 Herodoti
1007 1799 1049 1809 -
1071 1763 1112 1827 de
1134 1762 1230 1828 rebus
1251 1763 1349 1845 ahy-

312 1866 362 1931 dis
384 1867 485 1948 gestis
510 1866 710 1933 narrationes
739 1867 809 1949 ipse
831 1865 917 1932 inter
945 1885 980 1932 se
1007 1882 1208 1947 comparasse
1232 1870 1349 1948 putan-

313 1969 374 2034 dus
395 1968 532 2053 essat2).
582 1969 697 2050 Itaque
725 1969 835 2035 mirari
867 1970 942 2035 lieet
971 1967 1264 2046 Dahlmannum⁸),
1298 1967 1349 2033 oui

312 2069 536 2155 Weiskerum)
559 2089 708 2138 assensus
730 2077 789 2154 est,
811 2072 879 2138 siue
901 2072 987 2138 iusta
1009 2088 1106 2138 causa
1123 2069 1244 2152 Ephori
1265 2069 1362 2140 iudi,

311 2172 395 2238 oium
427 2174 651 2254 gravissimum
686 2175 718 2241 in
757 2174 890 2241 dubium
921 2192 1061 2241 vocasse.
1118 2171 1246 2238 Etenim
1277 2191 1349 2239 oum

309 2275 379 2341 eius
413 2276 628 2342 testimouium
669 2276 813 2344 refellere
850 2285 1019 2344 conaretur
1056 2276 1228 2343 ostendens
1267 2293 1346 2342 uon·

314 2376 402 2444 nulla
430 2377 471 2446 ab
503 2378 668 2446 Herodoto
698 2398 760 2446 non
793 2381 904 2447 eodem
937 2381 1031 2447 modo
1064 2379 1205 2459 narrari,
1238 2397 1301 2461 quo
1330 2397 1350 2443 a

313 2480 442 2548 Xantho
463 2487 596 2574 narrata
617 2489 741 2564 essent,
769 2483 842 2568 quis
869 2490 919 2550 est
946 2482 1023 2568 quin
1045 2482 1215 2565 intellegat
1244 2481 1277 2545 id
1307 2480 1349 2546 ad

312 2601 380 2648 rem
401 2585 638 2651 diiudicandam
661 2594 719 2653 aut
741 2606 855 2668 parum
884 2592 943 2652 aut
966 2586 1044 2652 nihil
1065 2585 1192 2651 omnino
1212 2584 1348 2650 valere?

313 2686 420 2766 Atque
441 2689 514 2754 vide
536 2687 604 2754 eius
625 2690 830 2772 argumenta!

398 2789 448 2854 Ah
471 2789 634 2856 Herodoto
655 2791 740 2874 Ls4
761 2790 902 2857 traditur
924 2809 1067 2858 annonae
1089 2808 1187 2857 causa
1209 2789 1250 2855 ah
1264 2789 1350 2872 Atye

313 2891 474 2974 Lydorum
505 2913 579 2976 rege
607 2903 734 2975 partem
756 2894 918 2978 Lydorum
940 2893 1122 2978 Tyrrheno,
1155 2892 1248 2974 Atyis
1275 2889 1350 2970 filio,

312 2993 393 3059 duoe
416 3013 454 3060 ex
468 2995 548 3062 Asia
571 2995 735 3063 dimissam
757 3015 836 3080 esse,
859 2998 914 3080 qui
935 2996 1080 3077 nauibus,
1102 3013 1181 3077 quas
1197 2995 1351 3076 Smyrnae

313 3093 550 3180 aedificassent,
579 3099 622 3164 ad
649 3099 779 3165 Italiam
809 3098 966 3180 appulsis,
999 3097 1129 3164 aedibus
1155 3097 1188 3161 tu
1218 3096 1352 3162 Etruria

403 3270 433 3346 l)
465 3271 641 3331 Strabonem
678 3273 837 3332 advooavit
875 3272 910 3330 ad
942 3271 1056 3348 Ephori
1096 3275 1188 3331 amam
1219 3271 1352 3332 oritioam

312 3353 532 3428 illustrandam,
556 3376 684 3437 namque
707 3357 788 3419 VIII
810 3378 839 3434 p.
863 3362 934 3431 886,
956 3358 989 3416 X
1010 3378 1040 3434 p.
1064 3360 1142 3430 451,
1165 3356 1214 3417 XI
1235 3377 1265 3434 p.
1289 3361 1349 3416 dos

314 3442 350 3499 do
372 3440 430 3500 alio
453 3449 575 3502 anotoro
598 3443 651 3503 rix
673 3443 799 3519 eogitari
822 3450 929 3519 potest.
1235 3453 1238 3457 ’

400 3528 433 3602 2)
455 3529 599 3589 Oreuzor:
621 3528 727 3589 histor.
750 3531 849 3589 Kunst
867 3549 896 3604 p.
917 3532 988 3602 289,
1010 3528 1184 3588 Kirohhoff:
1206 3531 1281 3588 iiber
1302 3528 1351 3587 die

312 3612 579 3688 Entstahungsneit
600 3614 652 3673 dos
674 3614 892 3676 herodoteisoh.
914 3613 1221 3688 Gosohiohtswerhea,
1253 3614 1352 3677 Barol.

399 3784 432 3862 3)
454 3783 602 3844 Herodot
626 3790 682 3844 eto.
703 3805 734 3861 p.
759 3789 829 3846 121.

400 3868 433 3948 4)
455 3869 565 3929 Kleine
594 3870 745 3930 Sohrifton
774 3890 804 3947 p.
833 3874 906 3930 432.
964 3870 1011 3930 Ne
1050 3870 1194 3930 Hiillorus
1231 3869 1351 3950 quidem

313 3954 505 4016 Welokernm
528 3956 613 4034 aequi
635 3955 702 4016 vult
724 3957 759 4030 I,
783 3955 865 4014 XXI
886 3955 1005 4016 diosus:
1033 3955 1125 4028 „illud
1149 3957 1228 4034 quod
1251 3956 1352 4032 Epho-

312 4059 363 4101 rus
385 4040 458 4100 dioit
480 4041 516 4101 do
536 4042 578 4114 vi,
600 4060 689 4120 quarn
711 4041 743 4101 in
766 4041 952 4102 Herodotum
974 4041 1092 4100 Xanthi
1115 4060 1189 4116 opus
1211 4060 1353 4101 exerous·

306 4125 360 4201 rit,
382 4127 483 4188 neseio
506 4146 545 4186 an
565 4133 646 4188 reate
667 4127 700 4186 in
723 4127 845 4188 dubium
866 4127 988 4189 vocavit
1010 4125 1248 4187 Dahlmannus“.
